SBERP,0,20220201,065932,256.000000000,40
SBERP,0,20220201,065932,256.000000000,480
SBERP,0,20220201,065932,256.000000000,20
SBERP,0,20220201,065932,256.000000000,10
SBERP,0,20220201,065932,256.000000000,70
SBERP,0,20220201,065932,256.000000000,50
SBERP,0,20220201,065932,256.000000000,50
SBERP,0,20220201,065932,256.000000000,60
SBERP,0,20220201,065932,256.000000000,10
SBERP,0,20220201,065932,256.000000000,100
SBERP,0,20220201,065932,256.000000000,10
SBERP,0,20220201,065932,256.000000000,2000
SBERP,0,20220201,065932,256.000000000,100
SBERP,0,20220201,065932,256.000000000,950
SBERP,0,20220201,065932,256.000000000,10
SBERP,0,20220201,065932,256.000000000,100
SBERP,0,20220201,065932,256.000000000,490
SBERP,0,20220201,065932,256.000000000,40
SBERP,0,20220201,070000,256.000000000,10
SBERP,0,20220201,070000,255.990000000,290
SBERP,0,20220201,070000,255.990000000,10
SBERP,0,20220201,070000,255.990000000,60
SBERP,0,20220201,070000,255.990000000,10
SBERP,0,20220201,070000,255.900000000,20
SBERP,0,20220201,070000,255.990000000,470
SBERP,0,20220201,070000,256.000000000,40
SBERP,0,20220201,070000,255.990000000,100
SBERP,0,20220201,070000,255.900000000,500
SBERP,0,20220201,070000,255.900000000,130
SBERP,0,20220201,070000,255.900000000,100
SBERP,0,20220201,070000,255.980000000,20
SBERP,0,20220201,070000,255.900000000,1250
SBERP,0,20220201,070000,255.900000000,100
SBERP,0,20220201,070000,255.910000000,40
SBERP,0,20220201,070000,255.910000000,30
SBERP,0,20220201,070000,255.980000000,10
SBERP,0,20220201,070000,255.990000000,120
SBERP,0,20220201,070000,255.900000000,20
SBERP,0,20220201,070000,255.990000000,30
SBERP,0,20220201,070000,255.860000000,70
SBERP,0,20220201,070000,255.860000000,20
SBERP,0,20220201,070000,255.860000000,10
SBERP,0,20220201,070000,255.860000000,100
SBERP,0,20220201,070000,255.860000000,190
SBERP,0,20220201,070000,255.850000000,710
SBERP,0,20220201,070000,255.750000000,50
SBERP,0,20220201,070000,255.750000000,80
SBERP,0,20220201,070000,255.750000000,320
SBERP,0,20220201,070000,255.860000000,100
SBERP,0,20220201,070001,255.790000000,20
SBERP,0,20220201,070001,255.860000000,60
SBERP,0,20220201,070001,255.600000000,50
SBERP,0,20220201,070001,255.600000000,30
SBERP,0,20220201,070001,255.600000000,100
SBERP,0,20220201,070002,255.860000000,200
SBERP,0,20220201,070005,255.630000000,450
SBERP,0,20220201,070010,255.860000000,10
SBERP,0,20220201,070010,255.860000000,20
SBERP,0,20220201,070011,255.800000000,1000
SBERP,0,20220201,070011,255.790000000,40
SBERP,0,20220201,070013,255.860000000,350
SBERP,0,20220201,070017,255.860000000,50
SBERP,0,20220201,070020,255.580000000,430
SBERP,0,20220201,070020,255.570000000,20
SBERP,0,20220201,070020,255.570000000,100
SBERP,0,20220201,070020,255.560000000,900
SBERP,0,20220201,070020,255.560000000,100
SBERP,0,20220201,070020,255.550000000,1000
SBERP,0,20220201,070020,255.540000000,1000
SBERP,0,20220201,070020,255.530000000,1000
SBERP,0,20220201,070020,255.530000000,20
SBERP,0,20220201,070020,255.530000000,300
SBERP,0,20220201,070021,255.200000000,10
SBERP,0,20220201,070021,255.200000000,200
SBERP,0,20220201,070022,255.650000000,190
SBERP,0,20220201,070025,255.650000000,10
SBERP,0,20220201,070027,255.210000000,200
SBERP,0,20220201,070027,255.200000000,290
SBERP,0,20220201,070027,255.200000000,10
SBERP,0,20220201,070027,255.200000000,10
SBERP,0,20220201,070027,255.200000000,20
SBERP,0,20220201,070027,255.150000000,40
SBERP,0,20220201,070027,255.150000000,100
SBERP,0,20220201,070027,255.050000000,590
SBERP,0,20220201,070027,255.060000000,800
SBERP,0,20220201,070027,255.060000000,2400
SBERP,0,20220201,070028,255.430000000,540
SBERP,0,20220201,070028,255.440000000,300
SBERP,0,20220201,070028,255.460000000,60
SBERP,0,20220201,070028,255.510000000,850
SBERP,0,20220201,070028,255.570000000,250
SBERP,0,20220201,070028,255.640000000,1180
SBERP,0,20220201,070028,255.640000000,1570
SBERP,0,20220201,070028,255.650000000,4790
SBERP,0,20220201,070028,255.670000000,310
SBERP,0,20220201,070028,255.720000000,720
SBERP,0,20220201,070028,255.770000000,690
SBERP,0,20220201,070028,255.800000000,1000
SBERP,0,20220201,070028,255.820000000,500
SBERP,0,20220201,070028,255.860000000,200
SBERP,0,20220201,070028,255.880000000,10
SBERP,0,20220201,070028,255.890000000,10
SBERP,0,20220201,070028,255.890000000,10
SBERP,0,20220201,070028,255.920000000,150
SBERP,0,20220201,070028,255.950000000,10
SBERP,0,20220201,070028,255.980000000,200
SBERP,0,20220201,070028,255.980000000,1700
SBERP,0,20220201,070028,255.990000000,10
SBERP,0,20220201,070028,255.990000000,120
SBERP,0,20220201,070028,256.000000000,890
SBERP,0,20220201,070028,256.000000000,20
SBERP,0,20220201,070028,256.000000000,10
SBERP,0,20220201,070028,256.000000000,10
SBERP,0,20220201,070028,256.000000000,380
SBERP,0,20220201,070028,256.000000000,560
SBERP,0,20220201,070028,256.000000000,10
SBERP,0,20220201,070028,256.000000000,250
SBERP,0,20220201,070028,256.000000000,1100
SBERP,0,20220201,070028,256.000000000,50
SBERP,0,20220201,070028,256.000000000,30
SBERP,0,20220201,070028,256.000000000,300
SBERP,0,20220201,070028,256.040000000,60
SBERP,0,20220201,070028,256.060000000,10
SBERP,0,20220201,070028,256.070000000,10
SBERP,0,20220201,070028,256.090000000,10
SBERP,0,20220201,070028,256.100000000,10
SBERP,0,20220201,070028,256.100000000,170
SBERP,0,20220201,070028,256.100000000,10
SBERP,0,20220201,070028,256.120000000,10
SBERP,0,20220201,070028,256.150000000,20
SBERP,0,20220201,070028,256.190000000,100
SBERP,0,20220201,070028,256.200000000,50
SBERP,0,20220201,070028,256.200000000,100
SBERP,0,20220201,070028,256.410000000,400
SBERP,0,20220201,070028,256.490000000,3400
SBERP,0,20220201,070028,256.500000000,10
SBERP,0,20220201,070028,256.500000000,10
SBERP,0,20220201,070028,256.500000000,1940
SBERP,0,20220201,070028,256.600000000,100
SBERP,0,20220201,070028,256.600000000,20
SBERP,0,20220201,070028,256.600000000,1940
SBERP,0,20220201,070028,256.610000000,10
SBERP,0,20220201,070028,256.700000000,150
SBERP,0,20220201,070028,256.800000000,50
SBERP,0,20220201,070028,256.800000000,1940
SBERP,0,20220201,070028,256.870000000,10
SBERP,0,20220201,070028,256.870000000,4000
SBERP,0,20220201,070028,256.900000000,50
SBERP,0,20220201,070028,256.900000000,20
SBERP,0,20220201,070028,256.900000000,50
SBERP,0,20220201,070028,256.960000000,10
SBERP,0,20220201,070028,256.990000000,80
SBERP,0,20220201,070028,257.000000000,40
SBERP,0,20220201,070028,257.000000000,100
SBERP,0,20220201,070028,257.000000000,10
SBERP,0,20220201,070028,257.000000000,10
SBERP,0,20220201,070028,257.000000000,10
SBERP,0,20220201,070028,257.000000000,20
SBERP,0,20220201,070028,257.000000000,1000
SBERP,0,20220201,070028,257.000000000,50
SBERP,0,20220201,070028,257.010000000,30
SBERP,0,20220201,070028,257.070000000,10
SBERP,0,20220201,070028,257.070000000,300
SBERP,0,20220201,070028,257.100000000,60
SBERP,0,20220201,070028,257.150000000,10
SBERP,0,20220201,070028,257.160000000,1000
SBERP,0,20220201,070028,257.170000000,500
SBERP,0,20220201,070028,257.200000000,50
SBERP,0,20220201,070028,257.220000000,10
SBERP,0,20220201,070028,257.230000000,1500
SBERP,0,20220201,070028,257.370000000,60
SBERP,0,20220201,070028,257.400000000,100
SBERP,0,20220201,070028,257.410000000,20
SBERP,0,20220201,070028,257.460000000,300
SBERP,0,20220201,070028,257.470000000,150
SBERP,0,20220201,070028,257.500000000,10
SBERP,0,20220201,070028,257.500000000,50
SBERP,0,20220201,070028,257.500000000,50
SBERP,0,20220201,070028,257.520000000,10
SBERP,0,20220201,070028,255.420000000,300
SBERP,0,20220201,070028,255.410000000,40
SBERP,0,20220201,070028,255.600000000,300
SBERP,0,20220201,070028,255.610000000,100
SBERP,0,20220201,070028,255.640000000,500
SBERP,0,20220201,070028,255.730000000,200
SBERP,0,20220201,070028,255.730000000,10
SBERP,0,20220201,070028,256.150000000,50
SBERP,0,20220201,070028,256.190000000,150
SBERP,0,20220201,070028,256.190000000,20
SBERP,0,20220201,070028,255.890000000,540
SBERP,0,20220201,070028,256.200000000,10
SBERP,0,20220201,070028,256.260000000,20
SBERP,0,20220201,070028,256.260000000,200
SBERP,0,20220201,070028,256.260000000,320
SBERP,0,20220201,070028,256.270000000,770
SBERP,0,20220201,070028,255.930000000,20
SBERP,0,20220201,070028,255.920000000,180
SBERP,0,20220201,070028,255.930000000,520
SBERP,0,20220201,070028,255.920000000,4090
SBERP,0,20220201,070028,256.250000000,50
SBERP,0,20220201,070028,255.930000000,50
SBERP,0,20220201,070028,255.920000000,150
SBERP,0,20220201,070028,256.240000000,150
SBERP,0,20220201,070028,256.240000000,50
SBERP,0,20220201,070028,255.920000000,10
SBERP,0,20220201,070028,255.920000000,10
SBERP,0,20220201,070028,255.920000000,10
SBERP,0,20220201,070028,256.240000000,340
SBERP,0,20220201,070028,256.250000000,60
SBERP,0,20220201,070028,256.250000000,240
SBERP,0,20220201,070028,256.260000000,40
SBERP,0,20220201,070028,256.270000000,120
SBERP,0,20220201,070028,256.180000000,100
SBERP,0,20220201,070028,255.920000000,100
SBERP,0,20220201,070028,256.160000000,10
SBERP,0,20220201,070028,256.160000000,10
SBERP,0,20220201,070028,255.920000000,10
SBERP,0,20220201,070028,255.920000000,180
SBERP,0,20220201,070028,255.920000000,50
SBERP,0,20220201,070028,255.800000000,150
SBERP,0,20220201,070028,255.740000000,370
SBERP,0,20220201,070028,255.740000000,30
SBERP,0,20220201,070028,255.760000000,140
SBERP,0,20220201,070028,255.750000000,400
SBERP,0,20220201,070028,255.650000000,280
SBERP,0,20220201,070028,255.650000000,10
SBERP,0,20220201,070028,255.650000000,30
SBERP,0,20220201,070028,255.900000000,20
SBERP,0,20220201,070029,255.650000000,120
SBERP,0,20220201,070029,255.650000000,10
SBERP,0,20220201,070029,255.900000000,260
SBERP,0,20220201,070029,256.000000000,100
SBERP,0,20220201,070029,256.150000000,140
SBERP,0,20220201,070029,255.660000000,10
SBERP,0,20220201,070029,255.660000000,10
SBERP,0,20220201,070029,255.660000000,100
SBERP,0,20220201,070029,255.660000000,10
SBERP,0,20220201,070029,255.660000000,10
SBERP,0,20220201,070029,255.660000000,10
SBERP,0,20220201,070029,255.880000000,30
SBERP,0,20220201,070031,256.000000000,300
SBERP,0,20220201,070031,256.000000000,300
SBERP,0,20220201,070031,256.000000000,200
SBERP,0,20220201,070031,256.000000000,3100
SBERP,0,20220201,070032,256.010000000,10
SBERP,0,20220201,070032,255.660000000,100
SBERP,0,20220201,070032,255.660000000,50
SBERP,0,20220201,070032,255.650000000,50
SBERP,0,20220201,070032,255.650000000,300
SBERP,0,20220201,070032,255.650000000,300
SBERP,0,20220201,070033,255.650000000,300
SBERP,0,20220201,070033,255.650000000,200
SBERP,0,20220201,070033,255.650000000,200
SBERP,0,20220201,070037,255.650000000,100
SBERP,0,20220201,070040,255.650000000,10
SBERP,0,20220201,070040,255.990000000,10
SBERP,0,20220201,070043,255.990000000,80
SBERP,0,20220201,070050,255.970000000,200
SBERP,0,20220201,070053,255.950000000,130
SBERP,0,20220201,070054,255.660000000,90
SBERP,0,20220201,070057,255.950000000,950
SBERP,0,20220201,070057,255.950000000,210
SBERP,0,20220201,070057,255.960000000,360
SBERP,0,20220201,070057,255.960000000,300
SBERP,0,20220201,070057,256.000000000,40
SBERP,0,20220201,070057,256.000000000,140
SBERP,0,20220201,070059,255.660000000,100
SBERP,0,20220201,070059,255.940000000,100
SBERP,0,20220201,070059,255.950000000,100
SBERP,0,20220201,070100,255.740000000,540
SBERP,0,20220201,070100,255.650000000,30
SBERP,0,20220201,070100,255.650000000,70
SBERP,0,20220201,070100,255.650000000,100
SBERP,0,20220201,070101,255.650000000,100
SBERP,0,20220201,070101,255.650000000,30
SBERP,0,20220201,070101,255.650000000,70
SBERP,0,20220201,070101,255.650000000,30
SBERP,0,20220201,070101,255.650000000,100
SBERP,0,20220201,070101,255.610000000,1320
SBERP,0,20220201,070101,255.610000000,320
SBERP,0,20220201,070103,255.740000000,100
SBERP,0,20220201,070103,255.740000000,100
SBERP,0,20220201,070103,255.740000000,100
SBERP,0,20220201,070103,255.930000000,540
SBERP,0,20220201,070103,255.940000000,160
SBERP,0,20220201,070103,255.690000000,500
SBERP,0,20220201,070110,255.750000000,240
SBERP,0,20220201,070111,255.750000000,260
SBERP,0,20220201,070111,255.940000000,40
SBERP,0,20220201,070111,255.770000000,200
SBERP,0,20220201,070112,255.930000000,20
SBERP,0,20220201,070113,255.760000000,50
SBERP,0,20220201,070127,255.950000000,310
SBERP,0,20220201,070129,255.980000000,200
SBERP,0,20220201,070129,256.000000000,150
SBERP,0,20220201,070129,256.000000000,9490
SBERP,0,20220201,070129,255.990000000,50
SBERP,0,20220201,070129,255.990000000,180
SBERP,0,20220201,070131,255.920000000,130
SBERP,0,20220201,070134,255.920000000,420
SBERP,0,20220201,070134,255.910000000,500
SBERP,0,20220201,070134,255.910000000,190
SBERP,0,20220201,070136,255.930000000,20
SBERP,0,20220201,070140,256.000000000,650
SBERP,0,20220201,070140,256.000000000,410
SBERP,0,20220201,070140,256.000000000,510
SBERP,0,20220201,070140,255.930000000,90
SBERP,0,20220201,070141,256.090000000,90
SBERP,0,20220201,070141,256.100000000,290
SBERP,0,20220201,070141,256.150000000,10
SBERP,0,20220201,070141,256.160000000,280
SBERP,0,20220201,070141,256.160000000,300
SBERP,0,20220201,070141,256.200000000,1110
SBERP,0,20220201,070141,256.200000000,100
SBERP,0,20220201,070141,256.270000000,1740
SBERP,0,20220201,070141,256.300000000,80
SBERP,0,20220201,070141,256.290000000,200
SBERP,0,20220201,070145,256.290000000,500
SBERP,0,20220201,070145,256.290000000,500
SBERP,0,20220201,070145,256.290000000,500
SBERP,0,20220201,070145,256.300000000,130
SBERP,0,20220201,070145,256.300000000,10
SBERP,0,20220201,070145,256.380000000,20
SBERP,0,20220201,070145,256.400000000,500
SBERP,0,20220201,070145,256.400000000,20
SBERP,0,20220201,070145,256.410000000,60
SBERP,0,20220201,070145,256.500000000,70
SBERP,0,20220201,070145,256.500000000,100
SBERP,0,20220201,070145,256.500000000,10
SBERP,0,20220201,070145,256.500000000,50
SBERP,0,20220201,070145,256.500000000,50
SBERP,0,20220201,070145,256.500000000,100
SBERP,0,20220201,070145,256.550000000,30
SBERP,0,20220201,070145,256.590000000,310
SBERP,0,20220201,070145,256.600000000,10
SBERP,0,20220201,070145,256.600000000,10
SBERP,0,20220201,070145,256.600000000,20
SBERP,0,20220201,070145,256.170000000,10
SBERP,0,20220201,070145,256.170000000,80
SBERP,0,20220201,070146,256.230000000,10
SBERP,0,20220201,070147,256.470000000,10
SBERP,0,20220201,070148,256.280000000,10
SBERP,0,20220201,070148,256.280000000,30
SBERP,0,20220201,070148,256.460000000,30
SBERP,0,20220201,070152,256.300000000,20
SBERP,0,20220201,070153,256.480000000,30
SBERP,0,20220201,070153,256.490000000,70
SBERP,0,20220201,070155,256.300000000,10
SBERP,0,20220201,070156,256.460000000,530
SBERP,0,20220201,070156,256.490000000,270
SBERP,0,20220201,070157,256.320000000,10
SBERP,0,20220201,070158,256.320000000,1610
SBERP,0,20220201,070159,256.160000000,120
SBERP,0,20220201,070159,256.470000000,540
SBERP,0,20220201,070159,256.480000000,460
SBERP,0,20220201,070202,256.180000000,120
SBERP,0,20220201,070202,256.470000000,10
SBERP,0,20220201,070202,256.180000000,50
SBERP,0,20220201,070203,256.470000000,160
SBERP,0,20220201,070203,256.480000000,330
SBERP,0,20220201,070203,256.480000000,170
SBERP,0,20220201,070203,256.600000000,260
SBERP,0,20220201,070203,256.600000000,120
SBERP,0,20220201,070203,256.640000000,10
SBERP,0,20220201,070203,256.700000000,60
SBERP,0,20220201,070203,256.700000000,60
SBERP,0,20220201,070203,256.700000000,40
SBERP,0,20220201,070203,256.700000000,110
SBERP,0,20220201,070204,256.470000000,60
SBERP,0,20220201,070204,256.490000000,480
SBERP,0,20220201,070206,256.610000000,120
SBERP,0,20220201,070208,256.440000000,40
SBERP,0,20220201,070209,256.440000000,80
SBERP,0,20220201,070209,256.480000000,10
SBERP,0,20220201,070209,256.450000000,30
SBERP,0,20220201,070211,256.450000000,370
SBERP,0,20220201,070211,256.460000000,200
SBERP,0,20220201,070211,256.550000000,430
SBERP,0,20220201,070212,256.560000000,200
SBERP,0,20220201,070215,256.650000000,150
SBERP,0,20220201,070215,256.650000000,190
SBERP,0,20220201,070215,256.660000000,500
SBERP,0,20220201,070215,256.700000000,70
SBERP,0,20220201,070215,256.700000000,240
SBERP,0,20220201,070215,256.800000000,10
SBERP,0,20220201,070215,256.890000000,80
SBERP,0,20220201,070217,256.890000000,10
SBERP,0,20220201,070220,256.830000000,110
SBERP,0,20220201,070222,256.550000000,500
SBERP,0,20220201,070223,256.800000000,500
SBERP,0,20220201,070223,256.800000000,20
SBERP,0,20220201,070223,256.800000000,10
SBERP,0,20220201,070225,256.800000000,270
SBERP,0,20220201,070225,256.810000000,500
SBERP,0,20220201,070225,256.840000000,230
SBERP,0,20220201,070229,256.550000000,40
SBERP,0,20220201,070230,256.840000000,300
SBERP,0,20220201,070230,256.890000000,50
SBERP,0,20220201,070232,256.590000000,90
SBERP,0,20220201,070233,256.840000000,90
SBERP,0,20220201,070233,256.860000000,100
SBERP,0,20220201,070234,256.970000000,100
SBERP,0,20220201,070235,256.980000000,20
SBERP,0,20220201,070235,257.000000000,30
SBERP,0,20220201,070235,257.000000000,10
SBERP,0,20220201,070235,257.000000000,10
SBERP,0,20220201,070235,257.000000000,10
SBERP,0,20220201,070235,257.000000000,20
SBERP,0,20220201,070235,257.000000000,240
SBERP,0,20220201,070235,257.000000000,50
SBERP,0,20220201,070235,257.000000000,10
SBERP,0,20220201,070235,256.890000000,1700
SBERP,0,20220201,070236,257.000000000,10
SBERP,0,20220201,070237,257.000000000,50
SBERP,0,20220201,070237,257.000000000,10
SBERP,0,20220201,070237,257.000000000,190
SBERP,0,20220201,070237,257.000000000,40
SBERP,0,20220201,070237,257.000000000,60
SBERP,0,20220201,070237,257.000000000,150
SBERP,0,20220201,070237,257.000000000,20
SBERP,0,20220201,070237,257.000000000,50
SBERP,0,20220201,070238,257.000000000,40
SBERP,0,20220201,070238,257.000000000,30
SBERP,0,20220201,070238,256.980000000,30
SBERP,0,20220201,070238,257.000000000,60
SBERP,0,20220201,070238,257.000000000,10
SBERP,0,20220201,070240,257.000000000,250
SBERP,0,20220201,070240,256.850000000,10
SBERP,0,20220201,070242,256.850000000,530
SBERP,0,20220201,070242,256.850000000,160
SBERP,0,20220201,070242,256.850000000,200
SBERP,0,20220201,070242,256.850000000,220
SBERP,0,20220201,070244,257.000000000,3560
SBERP,0,20220201,070244,257.000000000,180
SBERP,0,20220201,070244,256.920000000,20
SBERP,0,20220201,070245,257.120000000,50
SBERP,0,20220201,070245,257.190000000,20
SBERP,0,20220201,070245,257.220000000,10
SBERP,0,20220201,070245,257.300000000,10
SBERP,0,20220201,070245,257.350000000,20
SBERP,0,20220201,070245,257.360000000,90
SBERP,0,20220201,070247,257.080000000,10
SBERP,0,20220201,070248,257.080000000,100
SBERP,0,20220201,070250,257.360000000,10
SBERP,0,20220201,070250,257.360000000,300
SBERP,0,20220201,070250,257.390000000,200
SBERP,0,20220201,070250,257.400000000,500
SBERP,0,20220201,070250,257.440000000,150
SBERP,0,20220201,070250,257.470000000,150
SBERP,0,20220201,070250,257.500000000,190
SBERP,0,20220201,070250,257.170000000,60
SBERP,0,20220201,070250,257.170000000,10
SBERP,0,20220201,070252,257.190000000,20
SBERP,0,20220201,070252,257.190000000,520
SBERP,0,20220201,070256,257.520000000,200
SBERP,0,20220201,070256,257.520000000,100
SBERP,0,20220201,070256,257.290000000,110
SBERP,0,20220201,070300,257.480000000,10
SBERP,0,20220201,070300,257.570000000,10
SBERP,0,20220201,070300,257.570000000,990
SBERP,0,20220201,070300,257.660000000,30
SBERP,0,20220201,070300,257.660000000,10
SBERP,0,20220201,070300,257.690000000,10
SBERP,0,20220201,070300,257.700000000,390
SBERP,0,20220201,070300,257.660000000,270
SBERP,0,20220201,070300,257.480000000,30
SBERP,0,20220201,070301,257.650000000,10
SBERP,0,20220201,070301,257.650000000,40
SBERP,0,20220201,070301,257.650000000,50
SBERP,0,20220201,070302,257.650000000,10
SBERP,0,20220201,070302,257.650000000,100
SBERP,0,20220201,070302,257.590000000,500
SBERP,0,20220201,070302,257.680000000,100
SBERP,0,20220201,070303,257.680000000,100
SBERP,0,20220201,070303,257.510000000,40
SBERP,0,20220201,070307,257.490000000,10
SBERP,0,20220201,070307,257.570000000,100
SBERP,0,20220201,070307,257.490000000,150
SBERP,0,20220201,070307,257.470000000,70
SBERP,0,20220201,070307,257.440000000,200
SBERP,0,20220201,070307,257.530000000,650
SBERP,0,20220201,070307,257.540000000,400
SBERP,0,20220201,070307,257.650000000,250
SBERP,0,20220201,070307,257.410000000,30
SBERP,0,20220201,070307,257.650000000,50
SBERP,0,20220201,070307,257.670000000,10
SBERP,0,20220201,070309,257.500000000,40
SBERP,0,20220201,070309,257.480000000,160
SBERP,0,20220201,070310,257.670000000,540
SBERP,0,20220201,070310,257.680000000,500
SBERP,0,20220201,070310,257.690000000,500
SBERP,0,20220201,070310,257.700000000,610
SBERP,0,20220201,070310,257.750000000,10
SBERP,0,20220201,070310,257.800000000,110
SBERP,0,20220201,070311,257.510000000,80
SBERP,0,20220201,070311,257.530000000,30
SBERP,0,20220201,070311,257.710000000,30
SBERP,0,20220201,070311,257.720000000,20
SBERP,0,20220201,070311,257.530000000,50
SBERP,0,20220201,070311,257.730000000,50
SBERP,0,20220201,070311,257.740000000,50
SBERP,0,20220201,070312,257.700000000,70
SBERP,0,20220201,070312,257.660000000,700
SBERP,0,20220201,070312,257.670000000,300
SBERP,0,20220201,070312,257.520000000,100
SBERP,0,20220201,070312,257.520000000,100
SBERP,0,20220201,070313,257.520000000,30
SBERP,0,20220201,070315,257.520000000,500
SBERP,0,20220201,070317,257.650000000,10
SBERP,0,20220201,070317,257.650000000,290
SBERP,0,20220201,070317,257.670000000,40
SBERP,0,20220201,070317,257.520000000,500
SBERP,0,20220201,070319,257.670000000,60
SBERP,0,20220201,070319,257.670000000,140
SBERP,0,20220201,070320,257.650000000,120
SBERP,0,20220201,070320,257.670000000,260
SBERP,0,20220201,070320,257.670000000,10
SBERP,0,20220201,070320,257.670000000,30
SBERP,0,20220201,070320,257.680000000,300
SBERP,0,20220201,070320,257.680000000,300
SBERP,0,20220201,070320,257.700000000,100
SBERP,0,20220201,070321,257.660000000,500
SBERP,0,20220201,070321,257.660000000,500
SBERP,0,20220201,070321,257.660000000,500
SBERP,0,20220201,070321,257.650000000,500
SBERP,0,20220201,070321,257.790000000,10
SBERP,0,20220201,070322,257.790000000,30
SBERP,0,20220201,070323,257.660000000,500
SBERP,0,20220201,070323,257.660000000,500
SBERP,0,20220201,070323,257.650000000,20
SBERP,0,20220201,070323,257.650000000,100
SBERP,0,20220201,070324,257.790000000,10
SBERP,0,20220201,070325,257.660000000,20
SBERP,0,20220201,070328,257.720000000,30
SBERP,0,20220201,070328,257.790000000,50
SBERP,0,20220201,070329,257.790000000,40
SBERP,0,20220201,070329,257.790000000,60
SBERP,0,20220201,070329,257.790000000,10
SBERP,0,20220201,070329,257.800000000,890
SBERP,0,20220201,070330,257.830000000,100
SBERP,0,20220201,070330,257.870000000,10
SBERP,0,20220201,070330,257.870000000,10
SBERP,0,20220201,070330,257.900000000,50
SBERP,0,20220201,070330,257.900000000,30
SBERP,0,20220201,070330,257.740000000,500
SBERP,0,20220201,070331,257.730000000,10
SBERP,0,20220201,070331,257.840000000,10
SBERP,0,20220201,070333,257.890000000,30
SBERP,0,20220201,070333,257.890000000,20
SBERP,0,20220201,070333,257.900000000,10
SBERP,0,20220201,070334,257.900000000,50
SBERP,0,20220201,070334,257.760000000,80
SBERP,0,20220201,070334,257.760000000,200
SBERP,0,20220201,070335,257.730000000,300
SBERP,0,20220201,070335,257.780000000,10
SBERP,0,20220201,070336,257.780000000,490
SBERP,0,20220201,070336,257.790000000,300
SBERP,0,20220201,070336,257.670000000,500
SBERP,0,20220201,070336,257.670000000,500
SBERP,0,20220201,070336,257.830000000,500
SBERP,0,20220201,070336,257.830000000,80
SBERP,0,20220201,070338,257.790000000,10
SBERP,0,20220201,070339,257.900000000,910
SBERP,0,20220201,070339,257.900000000,50
SBERP,0,20220201,070339,257.900000000,10
SBERP,0,20220201,070341,257.900000000,30
SBERP,0,20220201,070341,257.890000000,40
SBERP,0,20220201,070341,257.750000000,40
SBERP,0,20220201,070341,257.740000000,650
SBERP,0,20220201,070341,257.740000000,240
SBERP,0,20220201,070342,257.760000000,10
SBERP,0,20220201,070343,257.930000000,20
SBERP,0,20220201,070343,257.930000000,80
SBERP,0,20220201,070343,257.760000000,80
SBERP,0,20220201,070345,257.860000000,500
SBERP,0,20220201,070346,257.910000000,190
SBERP,0,20220201,070347,257.910000000,50
SBERP,0,20220201,070350,257.780000000,10
SBERP,0,20220201,070351,257.730000000,20
SBERP,0,20220201,070352,257.730000000,10
SBERP,0,20220201,070352,257.730000000,30
SBERP,0,20220201,070352,257.730000000,10
SBERP,0,20220201,070352,257.730000000,20
SBERP,0,20220201,070352,257.730000000,10
SBERP,0,20220201,070352,257.760000000,10
SBERP,0,20220201,070356,257.750000000,300
SBERP,0,20220201,070356,257.650000000,40
SBERP,0,20220201,070356,257.640000000,150
SBERP,0,20220201,070357,257.600000000,400
SBERP,0,20220201,070357,257.600000000,600
SBERP,0,20220201,070357,257.600000000,60
SBERP,0,20220201,070357,257.520000000,30
SBERP,0,20220201,070357,257.510000000,20
SBERP,0,20220201,070357,257.500000000,50
SBERP,0,20220201,070357,257.500000000,100
SBERP,0,20220201,070358,257.500000000,100
SBERP,0,20220201,070359,257.500000000,180
SBERP,0,20220201,070400,257.640000000,20
SBERP,0,20220201,070400,257.500000000,150
SBERP,0,20220201,070400,257.500000000,430
SBERP,0,20220201,070400,257.500000000,540
SBERP,0,20220201,070400,257.500000000,10
SBERP,0,20220201,070400,257.500000000,1000
SBERP,0,20220201,070402,257.530000000,20
SBERP,0,20220201,070402,257.530000000,480
SBERP,0,20220201,070402,257.540000000,210
SBERP,0,20220201,070402,257.540000000,400
SBERP,0,20220201,070402,257.550000000,630
SBERP,0,20220201,070402,257.600000000,780
SBERP,0,20220201,070402,257.650000000,620
SBERP,0,20220201,070402,257.700000000,660
SBERP,0,20220201,070402,257.750000000,240
SBERP,0,20220201,070402,257.750000000,10
SBERP,0,20220201,070402,257.760000000,20
SBERP,0,20220201,070402,257.900000000,890
SBERP,0,20220201,070402,257.910000000,570
SBERP,0,20220201,070402,257.910000000,300
SBERP,0,20220201,070402,257.920000000,10
SBERP,0,20220201,070402,257.930000000,20
SBERP,0,20220201,070402,257.930000000,60
SBERP,0,20220201,070402,257.990000000,10
SBERP,0,20220201,070402,257.990000000,10
SBERP,0,20220201,070402,257.990000000,100
SBERP,0,20220201,070402,257.990000000,100
SBERP,0,20220201,070402,257.990000000,200
SBERP,0,20220201,070402,258.000000000,220
SBERP,0,20220201,070402,258.000000000,100
SBERP,0,20220201,070402,258.000000000,20
SBERP,0,20220201,070402,258.000000000,720
SBERP,0,20220201,070402,258.000000000,50
SBERP,0,20220201,070402,258.000000000,10
SBERP,0,20220201,070402,258.000000000,100
SBERP,0,20220201,070402,258.000000000,1900
SBERP,0,20220201,070402,258.000000000,2670
SBERP,0,20220201,070402,257.790000000,10
SBERP,0,20220201,070403,257.880000000,370
SBERP,0,20220201,070403,257.500000000,200
SBERP,0,20220201,070403,257.500000000,180
SBERP,0,20220201,070403,257.450000000,500
SBERP,0,20220201,070403,257.310000000,10
SBERP,0,20220201,070403,257.320000000,500
SBERP,0,20220201,070403,257.320000000,500
SBERP,0,20220201,070403,257.310000000,10
SBERP,0,20220201,070403,257.310000000,130
SBERP,0,20220201,070403,257.300000000,30
SBERP,0,20220201,070403,257.030000000,140
SBERP,0,20220201,070403,257.190000000,80
SBERP,0,20220201,070404,257.300000000,200
SBERP,0,20220201,070405,257.300000000,200
SBERP,0,20220201,070408,257.290000000,60
SBERP,0,20220201,070408,257.310000000,50
SBERP,0,20220201,070411,257.310000000,130
SBERP,0,20220201,070411,257.310000000,180
SBERP,0,20220201,070411,257.310000000,90
SBERP,0,20220201,070411,257.310000000,280
SBERP,0,20220201,070411,257.310000000,270
SBERP,0,20220201,070411,257.310000000,10
SBERP,0,20220201,070411,257.310000000,280
SBERP,0,20220201,070411,257.310000000,270
SBERP,0,20220201,070411,257.310000000,300
SBERP,0,20220201,070411,257.310000000,20
SBERP,0,20220201,070411,257.310000000,320
SBERP,0,20220201,070411,257.310000000,340
SBERP,0,20220201,070411,257.310000000,340
SBERP,0,20220201,070411,257.310000000,20
SBERP,0,20220201,070411,257.310000000,370
SBERP,0,20220201,070411,257.310000000,390
SBERP,0,20220201,070411,257.310000000,220
SBERP,0,20220201,070412,257.310000000,170
SBERP,0,20220201,070412,257.310000000,150
SBERP,0,20220201,070412,257.310000000,1620
SBERP,0,20220201,070412,257.500000000,10
SBERP,0,20220201,070414,257.480000000,500
SBERP,0,20220201,070414,257.480000000,20
SBERP,0,20220201,070414,257.480000000,160
SBERP,0,20220201,070415,257.500000000,40
SBERP,0,20220201,070415,257.590000000,490
SBERP,0,20220201,070415,257.580000000,10
SBERP,0,20220201,070415,257.620000000,20
SBERP,0,20220201,070415,257.620000000,20
SBERP,0,20220201,070415,257.640000000,10
SBERP,0,20220201,070416,257.640000000,3950
SBERP,0,20220201,070418,257.530000000,10
SBERP,0,20220201,070419,257.720000000,10
SBERP,0,20220201,070422,257.690000000,10
SBERP,0,20220201,070422,257.740000000,90
SBERP,0,20220201,070426,257.740000000,210
SBERP,0,20220201,070427,257.680000000,20
SBERP,0,20220201,070427,257.800000000,100
SBERP,0,20220201,070427,257.850000000,160
SBERP,0,20220201,070427,257.900000000,190
SBERP,0,20220201,070427,257.990000000,220
SBERP,0,20220201,070427,257.990000000,70
SBERP,0,20220201,070427,258.000000000,1760
SBERP,0,20220201,070429,257.990000000,500
SBERP,0,20220201,070429,258.000000000,570
SBERP,0,20220201,070429,258.000000000,10
SBERP,0,20220201,070429,258.000000000,20
SBERP,0,20220201,070429,258.000000000,20
SBERP,0,20220201,070429,258.000000000,300
SBERP,0,20220201,070429,258.000000000,150
SBERP,0,20220201,070429,258.000000000,10
SBERP,0,20220201,070429,258.000000000,10
SBERP,0,20220201,070429,258.000000000,110
SBERP,0,20220201,070429,258.000000000,10
SBERP,0,20220201,070429,258.000000000,20
SBERP,0,20220201,070429,258.000000000,10
SBERP,0,20220201,070429,258.000000000,20
SBERP,0,20220201,070429,258.000000000,100
SBERP,0,20220201,070429,258.000000000,100
SBERP,0,20220201,070429,258.000000000,30
SBERP,0,20220201,070429,258.000000000,10
SBERP,0,20220201,070429,258.000000000,10
SBERP,0,20220201,070429,258.000000000,3200
SBERP,0,20220201,070429,258.050000000,70
SBERP,0,20220201,070429,258.080000000,10
SBERP,0,20220201,070429,258.100000000,50
SBERP,0,20220201,070429,258.100000000,100
SBERP,0,20220201,070429,258.130000000,100
SBERP,0,20220201,070429,258.210000000,100
SBERP,0,20220201,070429,258.220000000,10
SBERP,0,20220201,070429,258.230000000,10
SBERP,0,20220201,070429,258.240000000,150
SBERP,0,20220201,070429,258.300000000,1590
SBERP,0,20220201,070429,257.890000000,540
SBERP,0,20220201,070429,257.880000000,500
SBERP,0,20220201,070429,257.840000000,430
SBERP,0,20220201,070430,258.060000000,200
SBERP,0,20220201,070430,258.060000000,80
SBERP,0,20220201,070431,257.880000000,10
SBERP,0,20220201,070431,257.880000000,10
SBERP,0,20220201,070431,257.990000000,50
SBERP,0,20220201,070436,257.990000000,10
SBERP,0,20220201,070439,258.000000000,30
SBERP,0,20220201,070439,258.000000000,1000
SBERP,0,20220201,070441,257.910000000,4000
SBERP,0,20220201,070442,257.980000000,210
SBERP,0,20220201,070442,257.990000000,290
SBERP,0,20220201,070443,257.770000000,10
SBERP,0,20220201,070444,257.770000000,10
SBERP,0,20220201,070446,257.970000000,20
SBERP,0,20220201,070446,257.990000000,200
SBERP,0,20220201,070446,258.000000000,370
SBERP,0,20220201,070446,258.000000000,500
SBERP,0,20220201,070446,258.000000000,500
SBERP,0,20220201,070446,258.000000000,70
SBERP,0,20220201,070446,258.060000000,100
SBERP,0,20220201,070446,258.090000000,340
SBERP,0,20220201,070448,257.980000000,80
SBERP,0,20220201,070449,257.980000000,200
SBERP,0,20220201,070450,257.980000000,220
SBERP,0,20220201,070450,257.980000000,280
SBERP,0,20220201,070451,257.990000000,490
SBERP,0,20220201,070451,257.810000000,500
SBERP,0,20220201,070452,257.810000000,10
SBERP,0,20220201,070454,257.800000000,50
SBERP,0,20220201,070454,257.760000000,150
SBERP,0,20220201,070454,257.750000000,30
SBERP,0,20220201,070454,257.740000000,10
SBERP,0,20220201,070454,257.740000000,10
SBERP,0,20220201,070454,257.740000000,290
SBERP,0,20220201,070454,257.740000000,150
SBERP,0,20220201,070454,257.740000000,20
SBERP,0,20220201,070454,257.740000000,40
SBERP,0,20220201,070454,257.700000000,2000
SBERP,0,20220201,070454,257.830000000,780
SBERP,0,20220201,070454,257.840000000,290
SBERP,0,20220201,070454,257.830000000,10
SBERP,0,20220201,070458,257.680000000,500
SBERP,0,20220201,070502,257.850000000,10
SBERP,0,20220201,070503,257.930000000,10
SBERP,0,20220201,070503,257.830000000,10
SBERP,0,20220201,070503,257.850000000,20
SBERP,0,20220201,070503,257.830000000,10
SBERP,0,20220201,070505,257.830000000,40
SBERP,0,20220201,070505,257.830000000,40
SBERP,0,20220201,070505,257.830000000,10
SBERP,0,20220201,070510,257.920000000,420
SBERP,0,20220201,070512,257.710000000,10
SBERP,0,20220201,070512,257.920000000,50
SBERP,0,20220201,070513,257.710000000,920
SBERP,0,20220201,070514,257.700000000,30
SBERP,0,20220201,070514,257.670000000,200
SBERP,0,20220201,070514,257.640000000,80
SBERP,0,20220201,070514,257.640000000,100
SBERP,0,20220201,070514,257.640000000,120
SBERP,0,20220201,070514,257.640000000,180
SBERP,0,20220201,070514,257.620000000,60
SBERP,0,20220201,070514,257.620000000,60
SBERP,0,20220201,070514,257.550000000,250
SBERP,0,20220201,070514,257.550000000,220
SBERP,0,20220201,070516,257.650000000,10
SBERP,0,20220201,070517,257.650000000,90
SBERP,0,20220201,070517,257.650000000,10
SBERP,0,20220201,070517,257.520000000,40
SBERP,0,20220201,070517,257.640000000,50
SBERP,0,20220201,070519,257.520000000,10
SBERP,0,20220201,070519,257.630000000,70
SBERP,0,20220201,070519,257.640000000,430
SBERP,0,20220201,070520,257.520000000,120
SBERP,0,20220201,070520,257.500000000,80
SBERP,0,20220201,070520,257.500000000,200
SBERP,0,20220201,070520,257.500000000,10
SBERP,0,20220201,070520,257.460000000,1590
SBERP,0,20220201,070524,257.370000000,20
SBERP,0,20220201,070529,257.430000000,50
SBERP,0,20220201,070530,257.390000000,70
SBERP,0,20220201,070532,257.300000000,4000
SBERP,0,20220201,070532,257.250000000,210
SBERP,0,20220201,070533,257.460000000,320
SBERP,0,20220201,070533,257.470000000,300
SBERP,0,20220201,070533,257.480000000,10
SBERP,0,20220201,070533,257.620000000,180
SBERP,0,20220201,070533,257.280000000,500
SBERP,0,20220201,070533,257.280000000,40
SBERP,0,20220201,070533,257.280000000,460
SBERP,0,20220201,070534,257.280000000,720
SBERP,0,20220201,070534,257.260000000,150
SBERP,0,20220201,070534,257.220000000,70
SBERP,0,20220201,070537,257.240000000,20
SBERP,0,20220201,070539,257.270000000,100
SBERP,0,20220201,070539,257.270000000,1000
SBERP,0,20220201,070545,257.270000000,10
SBERP,0,20220201,070546,257.270000000,190
SBERP,0,20220201,070547,257.260000000,360
SBERP,0,20220201,070548,257.220000000,60
SBERP,0,20220201,070551,257.150000000,10
SBERP,0,20220201,070552,257.190000000,90
SBERP,0,20220201,070552,257.050000000,10
SBERP,0,20220201,070552,257.000000000,10
SBERP,0,20220201,070552,257.000000000,10
SBERP,0,20220201,070552,257.000000000,40
SBERP,0,20220201,070552,257.000000000,10
SBERP,0,20220201,070552,257.000000000,60
SBERP,0,20220201,070552,257.000000000,140
SBERP,0,20220201,070552,257.000000000,20
SBERP,0,20220201,070552,257.000000000,100
SBERP,0,20220201,070552,257.000000000,10
SBERP,0,20220201,070552,256.850000000,100
SBERP,0,20220201,070552,256.850000000,400
SBERP,0,20220201,070552,256.850000000,500
SBERP,0,20220201,070552,256.850000000,500
SBERP,0,20220201,070552,256.850000000,300
SBERP,0,20220201,070552,256.850000000,300
SBERP,0,20220201,070552,256.850000000,300
SBERP,0,20220201,070552,256.850000000,300
SBERP,0,20220201,070552,256.850000000,290
SBERP,0,20220201,070552,256.850000000,300
SBERP,0,20220201,070552,256.850000000,300
SBERP,0,20220201,070552,256.850000000,300
SBERP,0,20220201,070552,256.850000000,2210
SBERP,0,20220201,070552,256.860000000,70
SBERP,0,20220201,070552,256.840000000,10
SBERP,0,20220201,070553,256.960000000,200
SBERP,0,20220201,070553,256.970000000,300
SBERP,0,20220201,070553,256.970000000,10
SBERP,0,20220201,070554,256.980000000,10
SBERP,0,20220201,070556,257.000000000,10
SBERP,0,20220201,070558,257.000000000,40
SBERP,0,20220201,070558,257.000000000,160
SBERP,0,20220201,070558,257.000000000,790
SBERP,0,20220201,070558,257.000000000,210
SBERP,0,20220201,070600,256.970000000,10
SBERP,0,20220201,070600,256.940000000,100
SBERP,0,20220201,070602,256.910000000,210
SBERP,0,20220201,070603,256.980000000,200
SBERP,0,20220201,070603,257.000000000,30
SBERP,0,20220201,070603,257.050000000,80
SBERP,0,20220201,070608,256.980000000,20
SBERP,0,20220201,070609,256.980000000,10
SBERP,0,20220201,070610,257.000000000,20
SBERP,0,20220201,070610,256.980000000,20
SBERP,0,20220201,070610,257.060000000,30
SBERP,0,20220201,070614,257.090000000,600
SBERP,0,20220201,070616,257.150000000,10
SBERP,0,20220201,070616,257.150000000,20
SBERP,0,20220201,070616,257.090000000,10
SBERP,0,20220201,070617,257.270000000,200
SBERP,0,20220201,070617,257.270000000,10
SBERP,0,20220201,070619,257.250000000,30
SBERP,0,20220201,070619,257.010000000,100
SBERP,0,20220201,070620,257.040000000,30
SBERP,0,20220201,070620,257.030000000,170
SBERP,0,20220201,070620,257.230000000,170
SBERP,0,20220201,070620,257.230000000,370
SBERP,0,20220201,070626,257.120000000,300
SBERP,0,20220201,070626,257.120000000,240
SBERP,0,20220201,070626,257.120000000,60
SBERP,0,20220201,070628,257.270000000,490
SBERP,0,20220201,070628,257.270000000,50
SBERP,0,20220201,070630,257.260000000,10
SBERP,0,20220201,070632,257.300000000,60
SBERP,0,20220201,070633,257.390000000,100
SBERP,0,20220201,070634,257.200000000,250
SBERP,0,20220201,070634,257.200000000,100
SBERP,0,20220201,070638,257.300000000,10
SBERP,0,20220201,070639,257.300000000,20
SBERP,0,20220201,070639,257.200000000,500
SBERP,0,20220201,070639,257.200000000,130
SBERP,0,20220201,070647,257.380000000,300
SBERP,0,20220201,070647,257.390000000,90
SBERP,0,20220201,070647,257.400000000,10
SBERP,0,20220201,070647,257.470000000,100
SBERP,0,20220201,070650,257.470000000,500
SBERP,0,20220201,070650,257.470000000,150
SBERP,0,20220201,070653,257.390000000,10
SBERP,0,20220201,070653,257.500000000,1000
SBERP,0,20220201,070655,257.590000000,500
SBERP,0,20220201,070657,257.470000000,40
SBERP,0,20220201,070657,257.370000000,60
SBERP,0,20220201,070702,257.560000000,50
SBERP,0,20220201,070703,257.530000000,300
SBERP,0,20220201,070703,257.530000000,10
SBERP,0,20220201,070703,257.510000000,150
SBERP,0,20220201,070703,257.510000000,150
SBERP,0,20220201,070703,257.510000000,300
SBERP,0,20220201,070703,257.510000000,300
SBERP,0,20220201,070703,257.510000000,300
SBERP,0,20220201,070703,257.510000000,250
SBERP,0,20220201,070704,257.530000000,290
SBERP,0,20220201,070704,257.530000000,300
SBERP,0,20220201,070704,257.530000000,300
SBERP,0,20220201,070704,257.560000000,300
SBERP,0,20220201,070704,257.560000000,300
SBERP,0,20220201,070704,257.560000000,500
SBERP,0,20220201,070704,257.560000000,500
SBERP,0,20220201,070704,257.560000000,300
SBERP,0,20220201,070704,257.560000000,300
SBERP,0,20220201,070704,257.560000000,500
SBERP,0,20220201,070704,257.560000000,410
SBERP,0,20220201,070704,257.540000000,90
SBERP,0,20220201,070704,257.540000000,300
SBERP,0,20220201,070706,257.540000000,10
SBERP,0,20220201,070706,257.540000000,30
SBERP,0,20220201,070707,257.540000000,250
SBERP,0,20220201,070707,257.540000000,210
SBERP,0,20220201,070707,257.540000000,300
SBERP,0,20220201,070707,257.540000000,500
SBERP,0,20220201,070707,257.540000000,300
SBERP,0,20220201,070707,257.540000000,300
SBERP,0,20220201,070707,257.560000000,300
SBERP,0,20220201,070707,257.560000000,500
SBERP,0,20220201,070707,257.560000000,300
SBERP,0,20220201,070707,257.600000000,100
SBERP,0,20220201,070707,257.650000000,10
SBERP,0,20220201,070707,257.680000000,400
SBERP,0,20220201,070707,257.680000000,400
SBERP,0,20220201,070707,257.680000000,400
SBERP,0,20220201,070709,257.610000000,50
SBERP,0,20220201,070709,257.690000000,10
SBERP,0,20220201,070710,257.690000000,80
SBERP,0,20220201,070710,257.690000000,280
SBERP,0,20220201,070711,257.700000000,50
SBERP,0,20220201,070712,257.850000000,100
SBERP,0,20220201,070714,257.850000000,10
SBERP,0,20220201,070714,257.850000000,330
SBERP,0,20220201,070714,257.880000000,20
SBERP,0,20220201,070715,257.920000000,800
SBERP,0,20220201,070715,257.920000000,1600
SBERP,0,20220201,070715,257.920000000,10
SBERP,0,20220201,070715,257.940000000,10
SBERP,0,20220201,070717,257.950000000,10
SBERP,0,20220201,070717,257.980000000,90
SBERP,0,20220201,070717,257.990000000,150
SBERP,0,20220201,070717,258.000000000,250
SBERP,0,20220201,070718,257.850000000,80
SBERP,0,20220201,070721,257.910000000,100
SBERP,0,20220201,070721,257.910000000,20
SBERP,0,20220201,070721,257.900000000,80
SBERP,0,20220201,070724,258.000000000,10
SBERP,0,20220201,070724,258.000000000,10
SBERP,0,20220201,070725,257.940000000,10
SBERP,0,20220201,070726,257.990000000,10
SBERP,0,20220201,070726,257.950000000,30
SBERP,0,20220201,070727,257.900000000,10
SBERP,0,20220201,070729,258.000000000,30
SBERP,0,20220201,070733,257.950000000,10
SBERP,0,20220201,070734,258.000000000,20
SBERP,0,20220201,070735,258.000000000,10
SBERP,0,20220201,070735,258.000000000,20
SBERP,0,20220201,070736,258.000000000,10
SBERP,0,20220201,070737,258.000000000,100
SBERP,0,20220201,070738,258.000000000,50
SBERP,0,20220201,070738,258.000000000,110
SBERP,0,20220201,070740,258.000000000,210
SBERP,0,20220201,070740,257.950000000,10
SBERP,0,20220201,070740,257.930000000,10
SBERP,0,20220201,070740,257.890000000,10
SBERP,0,20220201,070740,257.890000000,40
SBERP,0,20220201,070742,258.000000000,170
SBERP,0,20220201,070742,258.000000000,30
SBERP,0,20220201,070742,258.000000000,50
SBERP,0,20220201,070742,258.000000000,100
SBERP,0,20220201,070742,258.000000000,10
SBERP,0,20220201,070742,258.000000000,50
SBERP,0,20220201,070742,258.000000000,10
SBERP,0,20220201,070742,258.000000000,10
SBERP,0,20220201,070742,258.000000000,370
SBERP,0,20220201,070743,258.000000000,20
SBERP,0,20220201,070744,257.950000000,10
SBERP,0,20220201,070747,257.950000000,140
SBERP,0,20220201,070748,257.990000000,100
SBERP,0,20220201,070748,257.990000000,20
SBERP,0,20220201,070749,257.860000000,240
SBERP,0,20220201,070750,257.960000000,200
SBERP,0,20220201,070751,257.950000000,20
SBERP,0,20220201,070751,257.860000000,60
SBERP,0,20220201,070751,257.770000000,30
SBERP,0,20220201,070751,257.740000000,1170
SBERP,0,20220201,070751,257.740000000,800
SBERP,0,20220201,070751,257.700000000,1950
SBERP,0,20220201,070751,257.690000000,10
SBERP,0,20220201,070751,257.690000000,10
SBERP,0,20220201,070751,257.680000000,30
SBERP,0,20220201,070751,257.680000000,10
SBERP,0,20220201,070751,257.600000000,40
SBERP,0,20220201,070752,257.600000000,460
SBERP,0,20220201,070753,257.600000000,40
SBERP,0,20220201,070754,257.710000000,170
SBERP,0,20220201,070754,257.550000000,10
SBERP,0,20220201,070758,257.720000000,20
SBERP,0,20220201,070800,257.790000000,20
SBERP,0,20220201,070800,257.870000000,10
SBERP,0,20220201,070802,257.710000000,500
SBERP,0,20220201,070807,257.710000000,10
SBERP,0,20220201,070807,257.740000000,120
SBERP,0,20220201,070808,257.740000000,20
SBERP,0,20220201,070809,257.620000000,10
SBERP,0,20220201,070809,257.620000000,40
SBERP,0,20220201,070809,257.590000000,360
SBERP,0,20220201,070812,257.750000000,10
SBERP,0,20220201,070813,257.740000000,10
SBERP,0,20220201,070816,257.720000000,510
SBERP,0,20220201,070816,257.730000000,450
SBERP,0,20220201,070822,257.760000000,840
SBERP,0,20220201,070823,257.770000000,10
SBERP,0,20220201,070825,257.690000000,10
SBERP,0,20220201,070825,257.690000000,290
SBERP,0,20220201,070826,257.690000000,10
SBERP,0,20220201,070826,257.770000000,50
SBERP,0,20220201,070828,257.610000000,520
SBERP,0,20220201,070829,257.690000000,10
SBERP,0,20220201,070832,257.690000000,10
SBERP,0,20220201,070834,257.700000000,10
SBERP,0,20220201,070836,257.680000000,200
SBERP,0,20220201,070836,257.710000000,300
SBERP,0,20220201,070836,257.600000000,1000
SBERP,0,20220201,070837,257.660000000,110
SBERP,0,20220201,070837,257.660000000,10
SBERP,0,20220201,070838,257.540000000,20
SBERP,0,20220201,070838,257.530000000,90
SBERP,0,20220201,070838,257.520000000,30
SBERP,0,20220201,070846,257.660000000,10
SBERP,0,20220201,070846,257.690000000,370
SBERP,0,20220201,070847,257.690000000,10
SBERP,0,20220201,070850,257.640000000,20
SBERP,0,20220201,070854,257.690000000,10
SBERP,0,20220201,070900,257.640000000,10
SBERP,0,20220201,070900,257.640000000,170
SBERP,0,20220201,070901,257.640000000,10
SBERP,0,20220201,070902,257.640000000,20
SBERP,0,20220201,070902,257.700000000,160
SBERP,0,20220201,070902,257.700000000,160
SBERP,0,20220201,070902,257.700000000,100
SBERP,0,20220201,070902,257.760000000,930
SBERP,0,20220201,070907,257.760000000,100
SBERP,0,20220201,070912,257.760000000,10
SBERP,0,20220201,070914,257.640000000,10
SBERP,0,20220201,070914,257.630000000,90
SBERP,0,20220201,070914,257.760000000,490
SBERP,0,20220201,070914,257.770000000,500
SBERP,0,20220201,070914,257.780000000,60
SBERP,0,20220201,070914,257.770000000,10
SBERP,0,20220201,070914,257.670000000,100
SBERP,0,20220201,070916,257.780000000,340
SBERP,0,20220201,070916,257.780000000,260
SBERP,0,20220201,070916,257.820000000,20
SBERP,0,20220201,070917,257.820000000,40
SBERP,0,20220201,070918,257.820000000,80
SBERP,0,20220201,070918,257.830000000,20
SBERP,0,20220201,070929,257.780000000,50
SBERP,0,20220201,070929,257.780000000,50
SBERP,0,20220201,070929,257.700000000,520
SBERP,0,20220201,070930,257.620000000,20
SBERP,0,20220201,070930,257.560000000,870
SBERP,0,20220201,070930,257.520000000,20
SBERP,0,20220201,070930,257.520000000,20
SBERP,0,20220201,070930,257.510000000,70
SBERP,0,20220201,070930,257.510000000,300
SBERP,0,20220201,070933,257.750000000,520
SBERP,0,20220201,070933,257.760000000,200
SBERP,0,20220201,070933,257.770000000,500
SBERP,0,20220201,070933,257.770000000,500
SBERP,0,20220201,070933,257.770000000,500
SBERP,0,20220201,070933,257.780000000,840
SBERP,0,20220201,070933,257.820000000,500
SBERP,0,20220201,070933,257.820000000,500
SBERP,0,20220201,070933,257.820000000,500
SBERP,0,20220201,070933,257.830000000,900
SBERP,0,20220201,070933,257.840000000,530
SBERP,0,20220201,070933,257.840000000,800
SBERP,0,20220201,070933,257.840000000,210
SBERP,0,20220201,070933,257.580000000,300
SBERP,0,20220201,070933,257.590000000,1000
SBERP,0,20220201,070935,257.650000000,200
SBERP,0,20220201,070936,257.590000000,450
SBERP,0,20220201,070936,257.530000000,200
SBERP,0,20220201,070936,257.530000000,40
SBERP,0,20220201,070936,257.500000000,200
SBERP,0,20220201,070936,257.500000000,100
SBERP,0,20220201,070936,257.500000000,400
SBERP,0,20220201,070936,257.500000000,50
SBERP,0,20220201,070936,257.500000000,100
SBERP,0,20220201,070936,257.470000000,450
SBERP,0,20220201,070936,257.470000000,550
SBERP,0,20220201,070936,257.470000000,390
SBERP,0,20220201,070936,257.430000000,30
SBERP,0,20220201,070936,257.400000000,70
SBERP,0,20220201,070936,257.400000000,300
SBERP,0,20220201,070936,257.400000000,700
SBERP,0,20220201,070936,257.400000000,200
SBERP,0,20220201,070936,257.400000000,90
SBERP,0,20220201,070936,257.390000000,10
SBERP,0,20220201,070937,257.530000000,100
SBERP,0,20220201,070940,257.610000000,100
SBERP,0,20220201,070940,257.680000000,20
SBERP,0,20220201,070940,257.700000000,240
SBERP,0,20220201,070940,257.740000000,1640
SBERP,0,20220201,070942,257.610000000,200
SBERP,0,20220201,070946,257.760000000,100
SBERP,0,20220201,070946,257.830000000,400
SBERP,0,20220201,070946,257.620000000,300
SBERP,0,20220201,070946,257.620000000,1000
SBERP,0,20220201,070947,257.840000000,30
SBERP,0,20220201,070948,257.840000000,260
SBERP,0,20220201,070948,257.840000000,40
SBERP,0,20220201,070949,257.710000000,160
SBERP,0,20220201,070949,257.710000000,100
SBERP,0,20220201,070955,257.690000000,200
SBERP,0,20220201,070956,257.840000000,50
SBERP,0,20220201,071000,257.660000000,240
SBERP,0,20220201,071001,257.540000000,10
SBERP,0,20220201,071001,257.710000000,30
SBERP,0,20220201,071002,257.710000000,10
SBERP,0,20220201,071003,257.710000000,60
SBERP,0,20220201,071003,257.560000000,10
SBERP,0,20220201,071004,257.730000000,100
SBERP,0,20220201,071004,257.540000000,50
SBERP,0,20220201,071005,257.540000000,380
SBERP,0,20220201,071005,257.630000000,90
SBERP,0,20220201,071005,257.600000000,20
SBERP,0,20220201,071008,257.570000000,100
SBERP,0,20220201,071009,257.700000000,150
SBERP,0,20220201,071010,257.780000000,10
SBERP,0,20220201,071011,257.790000000,40
SBERP,0,20220201,071014,257.630000000,10
SBERP,0,20220201,071014,257.580000000,70
SBERP,0,20220201,071014,257.570000000,20
SBERP,0,20220201,071017,257.700000000,10
SBERP,0,20220201,071017,257.560000000,40
SBERP,0,20220201,071019,257.500000000,10
SBERP,0,20220201,071019,257.450000000,70
SBERP,0,20220201,071019,257.580000000,210
SBERP,0,20220201,071019,257.630000000,360
SBERP,0,20220201,071023,257.480000000,20
SBERP,0,20220201,071023,257.560000000,400
SBERP,0,20220201,071025,257.430000000,100
SBERP,0,20220201,071031,257.390000000,20
SBERP,0,20220201,071031,257.390000000,140
SBERP,0,20220201,071031,257.380000000,40
SBERP,0,20220201,071032,257.380000000,10
SBERP,0,20220201,071034,257.440000000,10
SBERP,0,20220201,071034,257.490000000,520
SBERP,0,20220201,071034,257.500000000,500
SBERP,0,20220201,071034,257.500000000,8970
SBERP,0,20220201,071040,257.400000000,300
SBERP,0,20220201,071040,257.380000000,70
SBERP,0,20220201,071040,257.380000000,880
SBERP,0,20220201,071040,257.280000000,10
SBERP,0,20220201,071040,257.250000000,120
SBERP,0,20220201,071044,257.410000000,130
SBERP,0,20220201,071045,257.360000000,400
SBERP,0,20220201,071045,257.350000000,500
SBERP,0,20220201,071046,257.530000000,70
SBERP,0,20220201,071048,257.400000000,10
SBERP,0,20220201,071050,257.400000000,490
SBERP,0,20220201,071050,257.490000000,520
SBERP,0,20220201,071050,257.490000000,1180
SBERP,0,20220201,071050,257.500000000,500
SBERP,0,20220201,071050,257.500000000,500
SBERP,0,20220201,071050,257.510000000,500
SBERP,0,20220201,071050,257.510000000,500
SBERP,0,20220201,071050,257.520000000,500
SBERP,0,20220201,071050,257.530000000,500
SBERP,0,20220201,071050,257.540000000,50
SBERP,0,20220201,071050,257.560000000,530
SBERP,0,20220201,071050,257.640000000,600
SBERP,0,20220201,071050,257.790000000,640
SBERP,0,20220201,071050,257.820000000,120
SBERP,0,20220201,071050,257.830000000,1560
SBERP,0,20220201,071050,257.840000000,450
SBERP,0,20220201,071050,257.840000000,860
SBERP,0,20220201,071051,257.390000000,520
SBERP,0,20220201,071051,257.420000000,10
SBERP,0,20220201,071051,257.310000000,1180
SBERP,0,20220201,071051,257.300000000,360
SBERP,0,20220201,071052,257.280000000,500
SBERP,0,20220201,071054,257.480000000,100
SBERP,0,20220201,071055,257.460000000,200
SBERP,0,20220201,071057,257.310000000,20
SBERP,0,20220201,071100,257.340000000,400
SBERP,0,20220201,071101,257.330000000,500
SBERP,0,20220201,071102,257.340000000,150
SBERP,0,20220201,071102,257.420000000,100
SBERP,0,20220201,071105,257.450000000,150
SBERP,0,20220201,071106,257.290000000,100
SBERP,0,20220201,071110,257.260000000,710
SBERP,0,20220201,071110,257.250000000,490
SBERP,0,20220201,071111,257.260000000,40
SBERP,0,20220201,071114,257.250000000,10
SBERP,0,20220201,071116,257.470000000,20
SBERP,0,20220201,071117,257.470000000,130
SBERP,0,20220201,071119,257.400000000,580
SBERP,0,20220201,071119,257.400000000,530
SBERP,0,20220201,071120,257.400000000,220
SBERP,0,20220201,071122,257.450000000,10
SBERP,0,20220201,071123,257.500000000,10
SBERP,0,20220201,071123,257.500000000,40
SBERP,0,20220201,071123,257.500000000,200
SBERP,0,20220201,071127,257.420000000,10
SBERP,0,20220201,071127,257.420000000,10
SBERP,0,20220201,071131,257.500000000,10
SBERP,0,20220201,071133,257.420000000,10
SBERP,0,20220201,071139,257.480000000,10
SBERP,0,20220201,071140,257.500000000,650
SBERP,0,20220201,071140,257.500000000,400
SBERP,0,20220201,071140,257.500000000,4650
SBERP,0,20220201,071143,257.520000000,30
SBERP,0,20220201,071146,257.520000000,20
SBERP,0,20220201,071150,257.510000000,10
SBERP,0,20220201,071150,257.470000000,90
SBERP,0,20220201,071152,257.490000000,20
SBERP,0,20220201,071152,257.410000000,10
SBERP,0,20220201,071154,257.600000000,40
SBERP,0,20220201,071154,257.600000000,60
SBERP,0,20220201,071156,257.420000000,10
SBERP,0,20220201,071156,257.410000000,90
SBERP,0,20220201,071158,257.410000000,10
SBERP,0,20220201,071202,257.400000000,500
SBERP,0,20220201,071203,257.320000000,150
SBERP,0,20220201,071203,257.300000000,4200
SBERP,0,20220201,071207,257.410000000,90
SBERP,0,20220201,071209,257.440000000,90
SBERP,0,20220201,071210,257.440000000,70
SBERP,0,20220201,071213,257.320000000,10
SBERP,0,20220201,071213,257.330000000,10
SBERP,0,20220201,071213,257.440000000,90
SBERP,0,20220201,071216,257.250000000,200
SBERP,0,20220201,071216,257.250000000,10
SBERP,0,20220201,071216,257.250000000,10
SBERP,0,20220201,071217,257.220000000,100
SBERP,0,20220201,071219,257.220000000,400
SBERP,0,20220201,071219,257.220000000,500
SBERP,0,20220201,071219,257.210000000,50
SBERP,0,20220201,071219,257.200000000,50
SBERP,0,20220201,071219,257.200000000,10
SBERP,0,20220201,071219,257.180000000,10
SBERP,0,20220201,071219,257.180000000,10
SBERP,0,20220201,071220,257.250000000,100
SBERP,0,20220201,071221,257.180000000,250
SBERP,0,20220201,071223,257.250000000,1000
SBERP,0,20220201,071223,257.180000000,10
SBERP,0,20220201,071226,257.180000000,100
SBERP,0,20220201,071226,257.170000000,100
SBERP,0,20220201,071226,257.170000000,200
SBERP,0,20220201,071227,257.250000000,20
SBERP,0,20220201,071229,257.200000000,100
SBERP,0,20220201,071229,257.150000000,10
SBERP,0,20220201,071229,257.140000000,400
SBERP,0,20220201,071229,257.110000000,490
SBERP,0,20220201,071231,257.250000000,370
SBERP,0,20220201,071234,257.250000000,70
SBERP,0,20220201,071238,257.200000000,120
SBERP,0,20220201,071238,257.230000000,880
SBERP,0,20220201,071239,257.230000000,290
SBERP,0,20220201,071240,257.230000000,400
SBERP,0,20220201,071240,257.230000000,100
SBERP,0,20220201,071242,257.230000000,330
SBERP,0,20220201,071246,257.250000000,230
SBERP,0,20220201,071246,257.250000000,10
SBERP,0,20220201,071246,257.250000000,100
SBERP,0,20220201,071246,257.250000000,100
SBERP,0,20220201,071249,257.240000000,50
SBERP,0,20220201,071250,257.190000000,260
SBERP,0,20220201,071250,257.300000000,10
SBERP,0,20220201,071250,257.300000000,90
SBERP,0,20220201,071250,257.300000000,30
SBERP,0,20220201,071251,257.300000000,10
SBERP,0,20220201,071252,257.300000000,40
SBERP,0,20220201,071254,257.300000000,20
SBERP,0,20220201,071256,257.300000000,80
SBERP,0,20220201,071300,257.300000000,910
SBERP,0,20220201,071303,257.360000000,10
SBERP,0,20220201,071303,257.200000000,40
SBERP,0,20220201,071304,257.300000000,10
SBERP,0,20220201,071305,257.370000000,40
SBERP,0,20220201,071310,257.370000000,10
SBERP,0,20220201,071311,257.300000000,90
SBERP,0,20220201,071311,257.300000000,10
SBERP,0,20220201,071311,257.250000000,110
SBERP,0,20220201,071316,257.250000000,20
SBERP,0,20220201,071316,257.300000000,80
SBERP,0,20220201,071316,257.360000000,30
SBERP,0,20220201,071321,257.330000000,10
SBERP,0,20220201,071322,257.330000000,20
SBERP,0,20220201,071323,257.190000000,100
SBERP,0,20220201,071327,257.310000000,10
SBERP,0,20220201,071328,257.310000000,10
SBERP,0,20220201,071330,257.300000000,10
SBERP,0,20220201,071332,257.120000000,20
SBERP,0,20220201,071333,257.290000000,40
SBERP,0,20220201,071337,257.290000000,10
SBERP,0,20220201,071344,257.290000000,30
SBERP,0,20220201,071344,257.290000000,10
SBERP,0,20220201,071347,257.280000000,500
SBERP,0,20220201,071347,257.280000000,500
SBERP,0,20220201,071352,257.280000000,80
SBERP,0,20220201,071352,257.280000000,10
SBERP,0,20220201,071353,257.250000000,90
SBERP,0,20220201,071357,257.190000000,300
SBERP,0,20220201,071359,257.200000000,250
SBERP,0,20220201,071400,257.120000000,40
SBERP,0,20220201,071400,257.070000000,20
SBERP,0,20220201,071400,257.060000000,10
SBERP,0,20220201,071400,257.030000000,520
SBERP,0,20220201,071400,257.010000000,70
SBERP,0,20220201,071400,257.010000000,810
SBERP,0,20220201,071400,257.000000000,2000
SBERP,0,20220201,071400,257.000000000,100
SBERP,0,20220201,071400,257.000000000,430
SBERP,0,20220201,071401,257.020000000,10
SBERP,0,20220201,071409,257.020000000,30
SBERP,0,20220201,071410,257.120000000,10
SBERP,0,20220201,071412,257.020000000,100
SBERP,0,20220201,071413,257.020000000,10
SBERP,0,20220201,071415,257.020000000,30
SBERP,0,20220201,071415,257.200000000,250
SBERP,0,20220201,071415,257.200000000,250
SBERP,0,20220201,071416,257.020000000,20
SBERP,0,20220201,071419,257.210000000,20
SBERP,0,20220201,071421,257.200000000,100
SBERP,0,20220201,071421,257.210000000,210
SBERP,0,20220201,071421,257.240000000,190
SBERP,0,20220201,071431,257.200000000,10
SBERP,0,20220201,071431,257.110000000,840
SBERP,0,20220201,071431,257.040000000,170
SBERP,0,20220201,071431,257.030000000,1920
SBERP,0,20220201,071437,257.140000000,240
SBERP,0,20220201,071444,257.130000000,10
SBERP,0,20220201,071445,257.250000000,20
SBERP,0,20220201,071445,257.280000000,180
SBERP,0,20220201,071447,257.250000000,10
SBERP,0,20220201,071451,257.090000000,120
SBERP,0,20220201,071456,257.090000000,20
SBERP,0,20220201,071500,257.250000000,10
SBERP,0,20220201,071500,257.260000000,370
SBERP,0,20220201,071502,257.250000000,100
SBERP,0,20220201,071502,257.240000000,50
SBERP,0,20220201,071507,257.210000000,10
SBERP,0,20220201,071508,257.120000000,10
SBERP,0,20220201,071515,257.210000000,40
SBERP,0,20220201,071515,257.270000000,800
SBERP,0,20220201,071519,257.290000000,4000
SBERP,0,20220201,071519,257.300000000,500
SBERP,0,20220201,071519,257.300000000,20
SBERP,0,20220201,071519,257.300000000,10
SBERP,0,20220201,071519,257.230000000,10
SBERP,0,20220201,071520,257.350000000,400
SBERP,0,20220201,071520,257.350000000,10
SBERP,0,20220201,071520,257.370000000,20
SBERP,0,20220201,071520,257.370000000,10
SBERP,0,20220201,071529,257.350000000,30
SBERP,0,20220201,071530,257.440000000,30
SBERP,0,20220201,071530,257.450000000,470
SBERP,0,20220201,071532,257.350000000,120
SBERP,0,20220201,071534,257.350000000,100
SBERP,0,20220201,071534,257.350000000,210
SBERP,0,20220201,071534,257.350000000,30
SBERP,0,20220201,071534,257.350000000,70
SBERP,0,20220201,071534,257.350000000,30
SBERP,0,20220201,071534,257.380000000,10
SBERP,0,20220201,071535,257.240000000,180
SBERP,0,20220201,071536,257.380000000,30
SBERP,0,20220201,071542,257.380000000,10
SBERP,0,20220201,071545,257.370000000,250
SBERP,0,20220201,071545,257.370000000,70
SBERP,0,20220201,071545,257.400000000,500
SBERP,0,20220201,071548,257.430000000,60
SBERP,0,20220201,071552,257.450000000,4530
SBERP,0,20220201,071552,257.490000000,110
SBERP,0,20220201,071552,257.490000000,360
SBERP,0,20220201,071552,257.490000000,50
SBERP,0,20220201,071552,257.490000000,180
SBERP,0,20220201,071553,257.400000000,10
SBERP,0,20220201,071553,257.380000000,30
SBERP,0,20220201,071554,257.380000000,70
SBERP,0,20220201,071554,257.380000000,20
SBERP,0,20220201,071554,257.500000000,110
SBERP,0,20220201,071557,257.500000000,90
SBERP,0,20220201,071557,257.500000000,4800
SBERP,0,20220201,071557,257.500000000,30
SBERP,0,20220201,071557,257.500000000,20
SBERP,0,20220201,071557,257.500000000,10
SBERP,0,20220201,071557,257.500000000,4780
SBERP,0,20220201,071557,257.500000000,1620
SBERP,0,20220201,071557,257.500000000,780
SBERP,0,20220201,071557,257.500000000,800
SBERP,0,20220201,071557,257.500000000,400
SBERP,0,20220201,071559,257.390000000,10
SBERP,0,20220201,071559,257.500000000,210
SBERP,0,20220201,071600,257.390000000,50
SBERP,0,20220201,071600,257.390000000,20
SBERP,0,20220201,071601,257.500000000,10
SBERP,0,20220201,071603,257.390000000,20
SBERP,0,20220201,071604,257.500000000,10
SBERP,0,20220201,071605,257.390000000,70
SBERP,0,20220201,071605,257.500000000,1790
SBERP,0,20220201,071605,257.500000000,120
SBERP,0,20220201,071605,257.500000000,50
SBERP,0,20220201,071605,257.500000000,20
SBERP,0,20220201,071605,257.500000000,20
SBERP,0,20220201,071608,257.500000000,10
SBERP,0,20220201,071609,257.500000000,40
SBERP,0,20220201,071610,257.500000000,200
SBERP,0,20220201,071610,257.500000000,670
SBERP,0,20220201,071610,257.500000000,1000
SBERP,0,20220201,071610,257.500000000,210
SBERP,0,20220201,071610,257.590000000,880
SBERP,0,20220201,071610,257.600000000,400
SBERP,0,20220201,071610,257.600000000,400
SBERP,0,20220201,071610,257.650000000,10
SBERP,0,20220201,071610,257.670000000,290
SBERP,0,20220201,071610,257.730000000,10
SBERP,0,20220201,071610,257.760000000,90
SBERP,0,20220201,071611,257.630000000,100
SBERP,0,20220201,071621,257.810000000,100
SBERP,0,20220201,071621,257.820000000,400
SBERP,0,20220201,071621,257.820000000,500
SBERP,0,20220201,071623,257.890000000,10
SBERP,0,20220201,071624,257.820000000,10
SBERP,0,20220201,071624,257.760000000,10
SBERP,0,20220201,071624,257.760000000,10
SBERP,0,20220201,071633,257.900000000,50
SBERP,0,20220201,071633,257.900000000,10
SBERP,0,20220201,071635,257.900000000,20
SBERP,0,20220201,071637,257.900000000,100
SBERP,0,20220201,071638,257.820000000,20
SBERP,0,20220201,071640,257.820000000,680
SBERP,0,20220201,071640,257.650000000,50
SBERP,0,20220201,071640,257.680000000,210
SBERP,0,20220201,071640,257.830000000,10
SBERP,0,20220201,071641,257.620000000,50
SBERP,0,20220201,071644,257.820000000,100
SBERP,0,20220201,071644,257.720000000,20
SBERP,0,20220201,071644,257.720000000,40
SBERP,0,20220201,071644,257.620000000,460
SBERP,0,20220201,071652,257.660000000,10
SBERP,0,20220201,071656,257.660000000,10
SBERP,0,20220201,071700,257.800000000,100
SBERP,0,20220201,071700,257.870000000,470
SBERP,0,20220201,071700,257.880000000,140
SBERP,0,20220201,071700,257.890000000,740
SBERP,0,20220201,071700,257.900000000,1150
SBERP,0,20220201,071700,257.700000000,120
SBERP,0,20220201,071700,257.700000000,70
SBERP,0,20220201,071700,257.700000000,110
SBERP,0,20220201,071701,257.660000000,10
SBERP,0,20220201,071701,257.640000000,90
SBERP,0,20220201,071703,257.670000000,100
SBERP,0,20220201,071703,257.640000000,410
SBERP,0,20220201,071706,257.670000000,30
SBERP,0,20220201,071708,257.670000000,500
SBERP,0,20220201,071710,257.600000000,10
SBERP,0,20220201,071710,257.540000000,10
SBERP,0,20220201,071713,257.660000000,10
SBERP,0,20220201,071713,257.560000000,30
SBERP,0,20220201,071716,257.670000000,10
SBERP,0,20220201,071719,257.670000000,80
SBERP,0,20220201,071723,257.650000000,20
SBERP,0,20220201,071727,257.650000000,30
SBERP,0,20220201,071729,257.670000000,180
SBERP,0,20220201,071729,257.670000000,100
SBERP,0,20220201,071732,257.620000000,50
SBERP,0,20220201,071733,257.620000000,100
SBERP,0,20220201,071735,257.620000000,10
SBERP,0,20220201,071736,257.690000000,10
SBERP,0,20220201,071736,257.700000000,100
SBERP,0,20220201,071742,257.720000000,200
SBERP,0,20220201,071743,257.700000000,290
SBERP,0,20220201,071743,257.670000000,10
SBERP,0,20220201,071743,257.630000000,150
SBERP,0,20220201,071744,257.640000000,10
SBERP,0,20220201,071744,257.820000000,10
SBERP,0,20220201,071747,257.820000000,10
SBERP,0,20220201,071751,257.850000000,180
SBERP,0,20220201,071751,257.850000000,120
SBERP,0,20220201,071755,257.820000000,10
SBERP,0,20220201,071800,257.840000000,500
SBERP,0,20220201,071800,257.840000000,120
SBERP,0,20220201,071800,257.850000000,530
SBERP,0,20220201,071800,257.850000000,120
SBERP,0,20220201,071800,257.850000000,500
SBERP,0,20220201,071800,257.860000000,20
SBERP,0,20220201,071800,257.860000000,70
SBERP,0,20220201,071800,257.860000000,500
SBERP,0,20220201,071800,257.900000000,1640
SBERP,0,20220201,071802,257.710000000,520
SBERP,0,20220201,071812,257.700000000,30
SBERP,0,20220201,071813,257.750000000,10
SBERP,0,20220201,071813,257.810000000,60
SBERP,0,20220201,071824,257.790000000,10
SBERP,0,20220201,071826,257.700000000,500
SBERP,0,20220201,071826,257.700000000,30
SBERP,0,20220201,071826,257.690000000,100
SBERP,0,20220201,071826,257.690000000,590
SBERP,0,20220201,071828,257.730000000,210
SBERP,0,20220201,071828,257.760000000,390
SBERP,0,20220201,071830,257.630000000,110
SBERP,0,20220201,071830,257.630000000,500
SBERP,0,20220201,071830,257.620000000,100
SBERP,0,20220201,071830,257.610000000,450
SBERP,0,20220201,071830,257.600000000,2000
SBERP,0,20220201,071830,257.600000000,1400
SBERP,0,20220201,071830,257.600000000,450
SBERP,0,20220201,071830,257.710000000,10
SBERP,0,20220201,071831,257.540000000,20
SBERP,0,20220201,071831,257.520000000,30
SBERP,0,20220201,071832,257.600000000,10
SBERP,0,20220201,071834,257.600000000,30
SBERP,0,20220201,071837,257.540000000,420
SBERP,0,20220201,071838,257.650000000,20
SBERP,0,20220201,071843,257.650000000,20
SBERP,0,20220201,071844,257.650000000,80
SBERP,0,20220201,071844,257.650000000,10
SBERP,0,20220201,071847,257.650000000,20
SBERP,0,20220201,071849,257.660000000,210
SBERP,0,20220201,071852,257.760000000,10
SBERP,0,20220201,071853,257.850000000,10
SBERP,0,20220201,071859,257.850000000,500
SBERP,0,20220201,071903,257.850000000,20
SBERP,0,20220201,071903,257.890000000,300
SBERP,0,20220201,071903,257.900000000,1200
SBERP,0,20220201,071903,257.900000000,4930
SBERP,0,20220201,071903,257.900000000,710
SBERP,0,20220201,071903,257.900000000,100
SBERP,0,20220201,071903,257.900000000,30
SBERP,0,20220201,071903,257.920000000,50
SBERP,0,20220201,071903,257.930000000,210
SBERP,0,20220201,071907,257.820000000,10
SBERP,0,20220201,071911,257.850000000,20
SBERP,0,20220201,071911,257.850000000,130
SBERP,0,20220201,071911,257.850000000,550
SBERP,0,20220201,071914,257.970000000,250
SBERP,0,20220201,071914,257.990000000,40
SBERP,0,20220201,071914,257.990000000,200
SBERP,0,20220201,071914,257.990000000,30
SBERP,0,20220201,071914,257.990000000,50
SBERP,0,20220201,071914,257.990000000,80
SBERP,0,20220201,071914,257.990000000,20
SBERP,0,20220201,071914,257.990000000,10
SBERP,0,20220201,071914,257.990000000,100
SBERP,0,20220201,071914,258.000000000,10
SBERP,0,20220201,071914,258.000000000,20
SBERP,0,20220201,071914,258.000000000,500
SBERP,0,20220201,071914,258.000000000,100
SBERP,0,20220201,071914,258.000000000,10
SBERP,0,20220201,071914,258.000000000,30
SBERP,0,20220201,071914,258.000000000,20
SBERP,0,20220201,071914,258.000000000,50
SBERP,0,20220201,071914,258.000000000,460
SBERP,0,20220201,071914,258.000000000,40
SBERP,0,20220201,071914,258.000000000,10
SBERP,0,20220201,071914,258.000000000,10
SBERP,0,20220201,071914,258.000000000,10
SBERP,0,20220201,071914,258.000000000,50
SBERP,0,20220201,071914,258.000000000,1080
SBERP,0,20220201,071914,258.000000000,1200
SBERP,0,20220201,071914,258.000000000,800
SBERP,0,20220201,071914,258.000000000,120
SBERP,0,20220201,071914,258.000000000,10
SBERP,0,20220201,071914,258.000000000,200
SBERP,0,20220201,071914,258.000000000,470
SBERP,0,20220201,071914,258.000000000,530
SBERP,0,20220201,071914,258.000000000,20
SBERP,0,20220201,071914,258.000000000,10
SBERP,0,20220201,071914,258.000000000,20
SBERP,0,20220201,071914,258.000000000,50
SBERP,0,20220201,071914,258.000000000,10
SBERP,0,20220201,071914,258.000000000,10
SBERP,0,20220201,071914,258.000000000,150
SBERP,0,20220201,071914,258.000000000,100
SBERP,0,20220201,071918,257.920000000,20
SBERP,0,20220201,071924,257.990000000,500
SBERP,0,20220201,071924,258.000000000,820
SBERP,0,20220201,071935,258.080000000,60
SBERP,0,20220201,071935,258.100000000,100
SBERP,0,20220201,071935,258.100000000,430
SBERP,0,20220201,071935,258.100000000,10
SBERP,0,20220201,071935,258.150000000,10
SBERP,0,20220201,071936,258.020000000,300
SBERP,0,20220201,071943,258.100000000,30
SBERP,0,20220201,071943,258.160000000,30
SBERP,0,20220201,071943,258.170000000,170
SBERP,0,20220201,071945,258.170000000,10
SBERP,0,20220201,071947,258.030000000,10
SBERP,0,20220201,071947,258.180000000,300
SBERP,0,20220201,071948,258.190000000,130
SBERP,0,20220201,071948,258.200000000,400
SBERP,0,20220201,071948,258.200000000,20
SBERP,0,20220201,071948,258.200000000,560
SBERP,0,20220201,071948,258.200000000,940
SBERP,0,20220201,071955,258.200000000,50
SBERP,0,20220201,071957,258.220000000,10
SBERP,0,20220201,071957,258.220000000,890
SBERP,0,20220201,071957,258.220000000,1210
SBERP,0,20220201,071957,258.220000000,300
SBERP,0,20220201,071957,258.220000000,50
SBERP,0,20220201,072002,258.200000000,130
SBERP,0,20220201,072002,258.200000000,20
SBERP,0,20220201,072002,258.220000000,100
SBERP,0,20220201,072004,258.240000000,150
SBERP,0,20220201,072006,258.230000000,10
SBERP,0,20220201,072007,258.280000000,20
SBERP,0,20220201,072008,258.300000000,220
SBERP,0,20220201,072008,258.300000000,90
SBERP,0,20220201,072008,258.300000000,50
SBERP,0,20220201,072008,258.300000000,360
SBERP,0,20220201,072008,258.300000000,140
SBERP,0,20220201,072008,258.380000000,10
SBERP,0,20220201,072008,258.380000000,10
SBERP,0,20220201,072008,258.380000000,10
SBERP,0,20220201,072008,258.400000000,60
SBERP,0,20220201,072009,258.400000000,10
SBERP,0,20220201,072009,258.400000000,400
SBERP,0,20220201,072009,258.400000000,400
SBERP,0,20220201,072009,258.400000000,800
SBERP,0,20220201,072009,258.400000000,230
SBERP,0,20220201,072009,258.400000000,230
SBERP,0,20220201,072009,258.400000000,770
SBERP,0,20220201,072009,258.400000000,20
SBERP,0,20220201,072009,258.400000000,500
SBERP,0,20220201,072009,258.430000000,10
SBERP,0,20220201,072009,258.430000000,10
SBERP,0,20220201,072009,258.430000000,20
SBERP,0,20220201,072009,258.490000000,100
SBERP,0,20220201,072009,258.500000000,10
SBERP,0,20220201,072009,258.500000000,390
SBERP,0,20220201,072009,258.500000000,80
SBERP,0,20220201,072009,258.500000000,30
SBERP,0,20220201,072009,258.500000000,200
SBERP,0,20220201,072009,258.500000000,200
SBERP,0,20220201,072009,258.500000000,1900
SBERP,0,20220201,072009,258.500000000,10
SBERP,0,20220201,072009,258.500000000,1500
SBERP,0,20220201,072009,258.500000000,10
SBERP,0,20220201,072009,258.500000000,750
SBERP,0,20220201,072009,258.500000000,20
SBERP,0,20220201,072009,258.500000000,50
SBERP,0,20220201,072009,258.500000000,810
SBERP,0,20220201,072009,258.520000000,270
SBERP,0,20220201,072009,258.520000000,150
SBERP,0,20220201,072009,258.410000000,100
SBERP,0,20220201,072009,258.400000000,10
SBERP,0,20220201,072010,258.360000000,520
SBERP,0,20220201,072010,258.390000000,880
SBERP,0,20220201,072011,258.320000000,30
SBERP,0,20220201,072012,258.320000000,100
SBERP,0,20220201,072015,258.400000000,10
SBERP,0,20220201,072015,258.480000000,520
SBERP,0,20220201,072015,258.480000000,50
SBERP,0,20220201,072017,258.400000000,10
SBERP,0,20220201,072018,258.480000000,50
SBERP,0,20220201,072018,258.500000000,40
SBERP,0,20220201,072020,258.350000000,200
SBERP,0,20220201,072022,258.500000000,60
SBERP,0,20220201,072022,258.500000000,30
SBERP,0,20220201,072022,258.520000000,310
SBERP,0,20220201,072022,258.520000000,270
SBERP,0,20220201,072022,258.540000000,20
SBERP,0,20220201,072024,258.550000000,350
SBERP,0,20220201,072025,258.550000000,1550
SBERP,0,20220201,072025,258.550000000,30
SBERP,0,20220201,072028,258.570000000,10
SBERP,0,20220201,072028,258.600000000,40
SBERP,0,20220201,072028,258.600000000,20
SBERP,0,20220201,072028,258.520000000,100
SBERP,0,20220201,072028,258.530000000,20
SBERP,0,20220201,072028,258.520000000,80
SBERP,0,20220201,072029,258.610000000,100
SBERP,0,20220201,072029,258.640000000,200
SBERP,0,20220201,072029,258.650000000,100
SBERP,0,20220201,072029,258.510000000,260
SBERP,0,20220201,072031,258.590000000,50
SBERP,0,20220201,072031,258.600000000,160
SBERP,0,20220201,072034,258.590000000,10
SBERP,0,20220201,072037,258.600000000,240
SBERP,0,20220201,072039,258.650000000,50
SBERP,0,20220201,072039,258.650000000,20
SBERP,0,20220201,072040,258.600000000,300
SBERP,0,20220201,072041,258.600000000,10
SBERP,0,20220201,072041,258.650000000,1730
SBERP,0,20220201,072041,258.650000000,10
SBERP,0,20220201,072041,258.650000000,10
SBERP,0,20220201,072041,258.700000000,10
SBERP,0,20220201,072041,258.700000000,240
SBERP,0,20220201,072042,258.600000000,150
SBERP,0,20220201,072043,258.600000000,10
SBERP,0,20220201,072043,258.680000000,10
SBERP,0,20220201,072043,258.700000000,390
SBERP,0,20220201,072047,258.650000000,10
SBERP,0,20220201,072047,258.650000000,50
SBERP,0,20220201,072047,258.700000000,320
SBERP,0,20220201,072049,258.620000000,10
SBERP,0,20220201,072049,258.620000000,100
SBERP,0,20220201,072050,258.620000000,140
SBERP,0,20220201,072050,258.650000000,50
SBERP,0,20220201,072052,258.700000000,40
SBERP,0,20220201,072053,258.700000000,10
SBERP,0,20220201,072053,258.700000000,500
SBERP,0,20220201,072053,258.710000000,100
SBERP,0,20220201,072053,258.710000000,10
SBERP,0,20220201,072053,258.720000000,100
SBERP,0,20220201,072053,258.750000000,290
SBERP,0,20220201,072056,258.710000000,10
SBERP,0,20220201,072057,258.710000000,10
SBERP,0,20220201,072057,258.750000000,100
SBERP,0,20220201,072059,258.750000000,50
SBERP,0,20220201,072100,258.710000000,80
SBERP,0,20220201,072100,258.650000000,20
SBERP,0,20220201,072100,258.640000000,400
SBERP,0,20220201,072103,258.650000000,100
SBERP,0,20220201,072105,258.650000000,10
SBERP,0,20220201,072105,258.750000000,10
SBERP,0,20220201,072105,258.650000000,260
SBERP,0,20220201,072106,258.650000000,40
SBERP,0,20220201,072106,258.750000000,10
SBERP,0,20220201,072106,258.750000000,60
SBERP,0,20220201,072106,258.650000000,10
SBERP,0,20220201,072110,258.700000000,310
SBERP,0,20220201,072111,258.730000000,10
SBERP,0,20220201,072113,258.730000000,30
SBERP,0,20220201,072113,258.750000000,1380
SBERP,0,20220201,072113,258.750000000,20
SBERP,0,20220201,072113,258.750000000,3570
SBERP,0,20220201,072113,258.650000000,100
SBERP,0,20220201,072113,258.650000000,260
SBERP,0,20220201,072113,258.650000000,100
SBERP,0,20220201,072113,258.650000000,60
SBERP,0,20220201,072113,258.630000000,6040
SBERP,0,20220201,072113,258.600000000,4290
SBERP,0,20220201,072113,258.600000000,20
SBERP,0,20220201,072113,258.570000000,600
SBERP,0,20220201,072113,258.550000000,100
SBERP,0,20220201,072113,258.550000000,100
SBERP,0,20220201,072113,258.500000000,10
SBERP,0,20220201,072113,258.500000000,40
SBERP,0,20220201,072114,258.500000000,30
SBERP,0,20220201,072114,258.500000000,30
SBERP,0,20220201,072114,258.500000000,80
SBERP,0,20220201,072114,258.500000000,10
SBERP,0,20220201,072114,258.500000000,310
SBERP,0,20220201,072114,258.530000000,150
SBERP,0,20220201,072115,258.400000000,10
SBERP,0,20220201,072115,258.400000000,10
SBERP,0,20220201,072115,258.400000000,70
SBERP,0,20220201,072115,258.510000000,10
SBERP,0,20220201,072115,258.520000000,140
SBERP,0,20220201,072118,258.640000000,10
SBERP,0,20220201,072122,258.730000000,380
SBERP,0,20220201,072123,258.770000000,10
SBERP,0,20220201,072123,258.770000000,10
SBERP,0,20220201,072123,258.800000000,280
SBERP,0,20220201,072123,258.750000000,10
SBERP,0,20220201,072124,258.750000000,1810
SBERP,0,20220201,072125,258.750000000,10
SBERP,0,20220201,072125,258.770000000,80
SBERP,0,20220201,072129,258.760000000,10
SBERP,0,20220201,072130,258.600000000,520
SBERP,0,20220201,072130,258.550000000,280
SBERP,0,20220201,072131,258.540000000,100
SBERP,0,20220201,072131,258.720000000,50
SBERP,0,20220201,072134,258.720000000,80
SBERP,0,20220201,072134,258.720000000,50
SBERP,0,20220201,072134,258.730000000,130
SBERP,0,20220201,072134,258.730000000,1740
SBERP,0,20220201,072138,258.690000000,10
SBERP,0,20220201,072138,258.690000000,100
SBERP,0,20220201,072139,258.690000000,150
SBERP,0,20220201,072139,258.690000000,120
SBERP,0,20220201,072139,258.700000000,500
SBERP,0,20220201,072139,258.710000000,30
SBERP,0,20220201,072143,258.700000000,10
SBERP,0,20220201,072146,258.720000000,40
SBERP,0,20220201,072147,258.580000000,10
SBERP,0,20220201,072147,258.580000000,90
SBERP,0,20220201,072149,258.720000000,160
SBERP,0,20220201,072150,258.700000000,70
SBERP,0,20220201,072152,258.700000000,530
SBERP,0,20220201,072152,258.700000000,200
SBERP,0,20220201,072152,258.700000000,2340
SBERP,0,20220201,072152,258.720000000,100
SBERP,0,20220201,072152,258.760000000,520
SBERP,0,20220201,072152,258.770000000,1480
SBERP,0,20220201,072152,258.770000000,1600
SBERP,0,20220201,072152,258.770000000,5880
SBERP,0,20220201,072152,258.770000000,800
SBERP,0,20220201,072152,258.770000000,120
SBERP,0,20220201,072152,258.660000000,100
SBERP,0,20220201,072152,258.770000000,50
SBERP,0,20220201,072155,258.720000000,10
SBERP,0,20220201,072159,258.770000000,10
SBERP,0,20220201,072200,258.770000000,160
SBERP,0,20220201,072203,258.770000000,1220
SBERP,0,20220201,072205,258.730000000,1000
SBERP,0,20220201,072206,258.720000000,10
SBERP,0,20220201,072207,258.770000000,1000
SBERP,0,20220201,072208,258.770000000,640
SBERP,0,20220201,072208,258.770000000,10
SBERP,0,20220201,072210,258.720000000,480
SBERP,0,20220201,072210,258.720000000,10
SBERP,0,20220201,072210,258.700000000,10
SBERP,0,20220201,072211,258.770000000,50
SBERP,0,20220201,072214,258.720000000,10
SBERP,0,20220201,072214,258.730000000,600
SBERP,0,20220201,072214,258.730000000,10
SBERP,0,20220201,072214,258.770000000,380
SBERP,0,20220201,072215,258.700000000,610
SBERP,0,20220201,072216,258.590000000,30
SBERP,0,20220201,072217,258.580000000,10
SBERP,0,20220201,072217,258.550000000,100
SBERP,0,20220201,072217,258.570000000,10
SBERP,0,20220201,072218,258.510000000,190
SBERP,0,20220201,072218,258.510000000,30
SBERP,0,20220201,072220,258.690000000,790
SBERP,0,20220201,072220,258.690000000,190
SBERP,0,20220201,072220,258.700000000,590
SBERP,0,20220201,072220,258.750000000,430
SBERP,0,20220201,072222,258.530000000,520
SBERP,0,20220201,072222,258.510000000,190
SBERP,0,20220201,072222,258.500000000,100
SBERP,0,20220201,072222,258.500000000,10
SBERP,0,20220201,072222,258.500000000,190
SBERP,0,20220201,072222,258.500000000,12900
SBERP,0,20220201,072222,258.500000000,2000
SBERP,0,20220201,072222,258.500000000,170
SBERP,0,20220201,072222,258.440000000,50
SBERP,0,20220201,072222,258.440000000,200
SBERP,0,20220201,072222,258.680000000,70
SBERP,0,20220201,072222,258.590000000,500
SBERP,0,20220201,072222,258.590000000,190
SBERP,0,20220201,072222,258.600000000,10
SBERP,0,20220201,072223,258.590000000,50
SBERP,0,20220201,072226,258.400000000,10
SBERP,0,20220201,072227,258.370000000,10
SBERP,0,20220201,072227,258.350000000,50
SBERP,0,20220201,072227,258.370000000,250
SBERP,0,20220201,072229,258.490000000,20
SBERP,0,20220201,072229,258.490000000,10
SBERP,0,20220201,072230,258.350000000,50
SBERP,0,20220201,072230,258.340000000,650
SBERP,0,20220201,072231,258.340000000,350
SBERP,0,20220201,072231,258.310000000,400
SBERP,0,20220201,072231,258.300000000,10
SBERP,0,20220201,072231,258.300000000,50
SBERP,0,20220201,072231,258.300000000,350
SBERP,0,20220201,072232,258.350000000,200
SBERP,0,20220201,072232,258.350000000,180
SBERP,0,20220201,072232,258.370000000,40
SBERP,0,20220201,072232,258.200000000,10
SBERP,0,20220201,072232,258.200000000,100
SBERP,0,20220201,072232,258.200000000,90
SBERP,0,20220201,072232,258.310000000,80
SBERP,0,20220201,072232,258.360000000,470
SBERP,0,20220201,072233,258.360000000,10
SBERP,0,20220201,072238,258.340000000,210
SBERP,0,20220201,072238,258.340000000,10
SBERP,0,20220201,072238,258.360000000,40
SBERP,0,20220201,072238,258.220000000,60
SBERP,0,20220201,072246,258.210000000,140
SBERP,0,20220201,072246,258.200000000,460
SBERP,0,20220201,072246,258.200000000,1400
SBERP,0,20220201,072247,258.200000000,200
SBERP,0,20220201,072253,258.240000000,10
SBERP,0,20220201,072255,258.250000000,10
SBERP,0,20220201,072259,258.240000000,10
SBERP,0,20220201,072259,258.240000000,90
SBERP,0,20220201,072300,258.240000000,50
SBERP,0,20220201,072302,258.210000000,500
SBERP,0,20220201,072303,258.240000000,70
SBERP,0,20220201,072303,258.250000000,10
SBERP,0,20220201,072303,258.330000000,120
SBERP,0,20220201,072307,258.150000000,10
SBERP,0,20220201,072309,258.310000000,50
SBERP,0,20220201,072309,258.330000000,150
SBERP,0,20220201,072310,258.370000000,10
SBERP,0,20220201,072310,258.380000000,40
SBERP,0,20220201,072311,258.380000000,100
SBERP,0,20220201,072312,258.380000000,10
SBERP,0,20220201,072313,258.190000000,420
SBERP,0,20220201,072314,258.290000000,10
SBERP,0,20220201,072315,258.100000000,10
SBERP,0,20220201,072315,258.050000000,60
SBERP,0,20220201,072315,258.020000000,10
SBERP,0,20220201,072315,258.020000000,110
SBERP,0,20220201,072316,258.210000000,110
SBERP,0,20220201,072316,258.220000000,30
SBERP,0,20220201,072317,258.150000000,10
SBERP,0,20220201,072318,258.150000000,10
SBERP,0,20220201,072318,258.000000000,10
SBERP,0,20220201,072318,258.000000000,200
SBERP,0,20220201,072318,258.000000000,20
SBERP,0,20220201,072318,258.000000000,10
SBERP,0,20220201,072318,258.000000000,10
SBERP,0,20220201,072318,258.000000000,10
SBERP,0,20220201,072318,258.000000000,100
SBERP,0,20220201,072324,258.000000000,40
SBERP,0,20220201,072324,258.000000000,10
SBERP,0,20220201,072324,258.120000000,10
SBERP,0,20220201,072324,258.150000000,40
SBERP,0,20220201,072325,258.010000000,40
SBERP,0,20220201,072325,258.000000000,10
SBERP,0,20220201,072327,258.040000000,120
SBERP,0,20220201,072327,258.020000000,110
SBERP,0,20220201,072327,258.010000000,480
SBERP,0,20220201,072327,258.010000000,310
SBERP,0,20220201,072328,258.020000000,10
SBERP,0,20220201,072331,258.020000000,200
SBERP,0,20220201,072333,258.020000000,10
SBERP,0,20220201,072342,258.210000000,10
SBERP,0,20220201,072343,258.210000000,10
SBERP,0,20220201,072344,258.210000000,10
SBERP,0,20220201,072354,258.220000000,40
SBERP,0,20220201,072356,258.500000000,10
SBERP,0,20220201,072400,258.410000000,10
SBERP,0,20220201,072400,258.430000000,10
SBERP,0,20220201,072400,258.500000000,20
SBERP,0,20220201,072401,258.250000000,500
SBERP,0,20220201,072401,258.250000000,400
SBERP,0,20220201,072406,258.250000000,20
SBERP,0,20220201,072407,258.230000000,10
SBERP,0,20220201,072410,258.490000000,380
SBERP,0,20220201,072414,258.290000000,200
SBERP,0,20220201,072415,258.480000000,100
SBERP,0,20220201,072417,258.490000000,20
SBERP,0,20220201,072422,258.460000000,10
SBERP,0,20220201,072422,258.470000000,90
SBERP,0,20220201,072426,258.350000000,10
SBERP,0,20220201,072430,258.480000000,20
SBERP,0,20220201,072431,258.340000000,90
SBERP,0,20220201,072431,258.330000000,500
SBERP,0,20220201,072431,258.330000000,420
SBERP,0,20220201,072433,258.490000000,10
SBERP,0,20220201,072434,258.350000000,50
SBERP,0,20220201,072436,258.490000000,10
SBERP,0,20220201,072436,258.490000000,290
SBERP,0,20220201,072437,258.500000000,10
SBERP,0,20220201,072437,258.500000000,10
SBERP,0,20220201,072437,258.500000000,190
SBERP,0,20220201,072440,258.480000000,50
SBERP,0,20220201,072440,258.480000000,50
SBERP,0,20220201,072440,258.490000000,40
SBERP,0,20220201,072446,258.500000000,810
SBERP,0,20220201,072446,258.540000000,10
SBERP,0,20220201,072446,258.610000000,50
SBERP,0,20220201,072451,258.650000000,10
SBERP,0,20220201,072451,258.650000000,10
SBERP,0,20220201,072452,258.530000000,10
SBERP,0,20220201,072453,258.520000000,50
SBERP,0,20220201,072454,258.600000000,10
SBERP,0,20220201,072457,258.710000000,10
SBERP,0,20220201,072457,258.730000000,390
SBERP,0,20220201,072458,258.550000000,120
SBERP,0,20220201,072458,258.550000000,130
SBERP,0,20220201,072500,258.750000000,10
SBERP,0,20220201,072500,258.760000000,260
SBERP,0,20220201,072500,258.770000000,670
SBERP,0,20220201,072501,258.560000000,20
SBERP,0,20220201,072502,258.560000000,50
SBERP,0,20220201,072503,258.760000000,90
SBERP,0,20220201,072507,258.650000000,10
SBERP,0,20220201,072507,258.620000000,40
SBERP,0,20220201,072513,258.590000000,50
SBERP,0,20220201,072513,258.600000000,40
SBERP,0,20220201,072513,258.700000000,100
SBERP,0,20220201,072513,258.730000000,10
SBERP,0,20220201,072518,258.710000000,10
SBERP,0,20220201,072518,258.730000000,30
SBERP,0,20220201,072518,258.740000000,160
SBERP,0,20220201,072519,258.570000000,150
SBERP,0,20220201,072520,258.680000000,10
SBERP,0,20220201,072520,258.680000000,240
SBERP,0,20220201,072526,258.590000000,260
SBERP,0,20220201,072528,258.600000000,100
SBERP,0,20220201,072529,258.680000000,10
SBERP,0,20220201,072531,258.680000000,10
SBERP,0,20220201,072531,258.700000000,250
SBERP,0,20220201,072531,258.760000000,340
SBERP,0,20220201,072532,258.610000000,50
SBERP,0,20220201,072538,258.760000000,20
SBERP,0,20220201,072540,258.700000000,10
SBERP,0,20220201,072540,258.680000000,20
SBERP,0,20220201,072540,258.630000000,30
SBERP,0,20220201,072542,258.740000000,10
SBERP,0,20220201,072544,258.760000000,10
SBERP,0,20220201,072544,258.770000000,90
SBERP,0,20220201,072544,258.770000000,760
SBERP,0,20220201,072544,258.770000000,10
SBERP,0,20220201,072547,258.700000000,110
SBERP,0,20220201,072549,258.760000000,10
SBERP,0,20220201,072549,258.780000000,90
SBERP,0,20220201,072552,258.700000000,50
SBERP,0,20220201,072554,258.700000000,10
SBERP,0,20220201,072555,258.700000000,260
SBERP,0,20220201,072602,258.780000000,1510
SBERP,0,20220201,072603,258.690000000,10
SBERP,0,20220201,072603,258.770000000,10
SBERP,0,20220201,072605,258.680000000,100
SBERP,0,20220201,072605,258.630000000,440
SBERP,0,20220201,072610,258.760000000,70
SBERP,0,20220201,072610,258.760000000,260
SBERP,0,20220201,072612,258.700000000,10
SBERP,0,20220201,072612,258.720000000,140
SBERP,0,20220201,072613,258.720000000,10
SBERP,0,20220201,072613,258.760000000,190
SBERP,0,20220201,072614,258.770000000,10
SBERP,0,20220201,072614,258.770000000,250
SBERP,0,20220201,072615,258.780000000,10
SBERP,0,20220201,072617,258.780000000,100
SBERP,0,20220201,072618,258.780000000,200
SBERP,0,20220201,072618,258.770000000,900
SBERP,0,20220201,072619,258.780000000,70
SBERP,0,20220201,072620,258.780000000,20
SBERP,0,20220201,072621,258.770000000,50
SBERP,0,20220201,072622,258.780000000,10
SBERP,0,20220201,072625,258.780000000,10
SBERP,0,20220201,072627,258.770000000,390
SBERP,0,20220201,072627,258.760000000,110
SBERP,0,20220201,072627,258.760000000,90
SBERP,0,20220201,072627,258.760000000,40
SBERP,0,20220201,072633,258.640000000,260
SBERP,0,20220201,072634,258.770000000,250
SBERP,0,20220201,072637,258.660000000,140
SBERP,0,20220201,072637,258.650000000,510
SBERP,0,20220201,072637,258.650000000,220
SBERP,0,20220201,072639,258.630000000,100
SBERP,0,20220201,072639,258.600000000,140
SBERP,0,20220201,072641,258.640000000,10
SBERP,0,20220201,072641,258.650000000,10
SBERP,0,20220201,072641,258.650000000,20
SBERP,0,20220201,072641,258.650000000,40
SBERP,0,20220201,072641,258.650000000,40
SBERP,0,20220201,072641,258.650000000,30
SBERP,0,20220201,072641,258.650000000,10
SBERP,0,20220201,072641,258.650000000,110
SBERP,0,20220201,072641,258.650000000,20
SBERP,0,20220201,072641,258.650000000,120
SBERP,0,20220201,072641,258.650000000,40
SBERP,0,20220201,072641,258.650000000,10
SBERP,0,20220201,072641,258.650000000,40
SBERP,0,20220201,072641,258.650000000,30
SBERP,0,20220201,072641,258.650000000,380
SBERP,0,20220201,072641,258.650000000,70
SBERP,0,20220201,072641,258.650000000,180
SBERP,0,20220201,072641,258.650000000,860
SBERP,0,20220201,072641,258.760000000,20
SBERP,0,20220201,072641,258.770000000,520
SBERP,0,20220201,072641,258.780000000,460
SBERP,0,20220201,072642,258.630000000,260
SBERP,0,20220201,072643,258.630000000,30
SBERP,0,20220201,072643,258.770000000,150
SBERP,0,20220201,072647,258.650000000,10
SBERP,0,20220201,072651,258.650000000,10
SBERP,0,20220201,072652,258.650000000,260
SBERP,0,20220201,072653,258.740000000,40
SBERP,0,20220201,072653,258.760000000,50
SBERP,0,20220201,072655,258.660000000,20
SBERP,0,20220201,072655,258.650000000,30
SBERP,0,20220201,072656,258.740000000,10
SBERP,0,20220201,072656,258.760000000,50
SBERP,0,20220201,072656,258.660000000,150
SBERP,0,20220201,072659,258.650000000,10
SBERP,0,20220201,072702,258.620000000,360
SBERP,0,20220201,072702,258.600000000,270
SBERP,0,20220201,072702,258.600000000,50
SBERP,0,20220201,072702,258.600000000,430
SBERP,0,20220201,072702,258.570000000,100
SBERP,0,20220201,072702,258.570000000,100
SBERP,0,20220201,072703,258.500000000,100
SBERP,0,20220201,072703,258.500000000,400
SBERP,0,20220201,072703,258.500000000,10
SBERP,0,20220201,072703,258.500000000,20
SBERP,0,20220201,072703,258.500000000,70
SBERP,0,20220201,072703,258.500000000,230
SBERP,0,20220201,072703,258.500000000,70
SBERP,0,20220201,072703,258.500000000,100
SBERP,0,20220201,072703,258.500000000,100
SBERP,0,20220201,072703,258.500000000,50
SBERP,0,20220201,072703,258.600000000,10
SBERP,0,20220201,072703,258.600000000,40
SBERP,0,20220201,072704,258.580000000,520
SBERP,0,20220201,072704,258.590000000,700
SBERP,0,20220201,072704,258.620000000,10
SBERP,0,20220201,072704,258.640000000,20
SBERP,0,20220201,072704,258.650000000,500
SBERP,0,20220201,072704,258.650000000,500
SBERP,0,20220201,072704,258.660000000,490
SBERP,0,20220201,072704,258.700000000,590
SBERP,0,20220201,072704,258.710000000,480
SBERP,0,20220201,072704,258.760000000,810
SBERP,0,20220201,072705,258.460000000,520
SBERP,0,20220201,072708,258.420000000,170
SBERP,0,20220201,072713,258.300000000,140
SBERP,0,20220201,072713,258.300000000,110
SBERP,0,20220201,072713,258.460000000,10
SBERP,0,20220201,072714,258.470000000,10
SBERP,0,20220201,072715,258.470000000,100
SBERP,0,20220201,072717,258.470000000,300
SBERP,0,20220201,072718,258.500000000,390
SBERP,0,20220201,072719,258.570000000,230
SBERP,0,20220201,072723,258.570000000,10
SBERP,0,20220201,072725,258.470000000,90
SBERP,0,20220201,072727,258.520000000,10
SBERP,0,20220201,072728,258.510000000,50
SBERP,0,20220201,072728,258.510000000,260
SBERP,0,20220201,072736,258.510000000,200
SBERP,0,20220201,072737,258.510000000,50
SBERP,0,20220201,072737,258.630000000,10
SBERP,0,20220201,072737,258.650000000,100
SBERP,0,20220201,072737,258.650000000,10
SBERP,0,20220201,072737,258.650000000,180
SBERP,0,20220201,072739,258.530000000,10
SBERP,0,20220201,072739,258.530000000,250
SBERP,0,20220201,072745,258.510000000,10
SBERP,0,20220201,072746,258.510000000,10
SBERP,0,20220201,072746,258.500000000,250
SBERP,0,20220201,072746,258.500000000,5500
SBERP,0,20220201,072746,258.500000000,10
SBERP,0,20220201,072747,258.580000000,200
SBERP,0,20220201,072747,258.580000000,10
SBERP,0,20220201,072748,258.490000000,220
SBERP,0,20220201,072748,258.480000000,180
SBERP,0,20220201,072750,258.470000000,10
SBERP,0,20220201,072751,258.500000000,1100
SBERP,0,20220201,072753,258.470000000,260
SBERP,0,20220201,072753,258.470000000,20
SBERP,0,20220201,072755,258.400000000,50
SBERP,0,20220201,072755,258.480000000,30
SBERP,0,20220201,072755,258.310000000,10
SBERP,0,20220201,072805,258.330000000,20
SBERP,0,20220201,072805,258.330000000,240
SBERP,0,20220201,072808,258.320000000,500
SBERP,0,20220201,072808,258.450000000,10
SBERP,0,20220201,072808,258.470000000,20
SBERP,0,20220201,072810,258.330000000,100
SBERP,0,20220201,072810,258.320000000,50
SBERP,0,20220201,072811,258.330000000,10
SBERP,0,20220201,072812,258.330000000,90
SBERP,0,20220201,072812,258.470000000,30
SBERP,0,20220201,072812,258.510000000,90
SBERP,0,20220201,072812,258.530000000,570
SBERP,0,20220201,072812,258.540000000,540
SBERP,0,20220201,072812,258.590000000,520
SBERP,0,20220201,072812,258.600000000,700
SBERP,0,20220201,072812,258.600000000,200
SBERP,0,20220201,072812,258.640000000,520
SBERP,0,20220201,072812,258.650000000,2700
SBERP,0,20220201,072812,258.670000000,230
SBERP,0,20220201,072812,258.690000000,700
SBERP,0,20220201,072812,258.700000000,610
SBERP,0,20220201,072815,258.320000000,560
SBERP,0,20220201,072815,258.310000000,370
SBERP,0,20220201,072819,258.400000000,10
SBERP,0,20220201,072824,258.320000000,10
SBERP,0,20220201,072825,258.400000000,10
SBERP,0,20220201,072828,258.400000000,20
SBERP,0,20220201,072828,258.400000000,90
SBERP,0,20220201,072830,258.390000000,50
SBERP,0,20220201,072831,258.500000000,30
SBERP,0,20220201,072831,258.510000000,20
SBERP,0,20220201,072833,258.510000000,80
SBERP,0,20220201,072836,258.410000000,250
SBERP,0,20220201,072837,258.510000000,400
SBERP,0,20220201,072840,258.500000000,110
SBERP,0,20220201,072841,258.470000000,500
SBERP,0,20220201,072842,258.470000000,20
SBERP,0,20220201,072842,258.460000000,30
SBERP,0,20220201,072845,258.590000000,30
SBERP,0,20220201,072845,258.590000000,60
SBERP,0,20220201,072845,258.660000000,10
SBERP,0,20220201,072848,258.510000000,10
SBERP,0,20220201,072851,258.510000000,50
SBERP,0,20220201,072851,258.660000000,60
SBERP,0,20220201,072851,258.580000000,10
SBERP,0,20220201,072852,258.520000000,50
SBERP,0,20220201,072854,258.510000000,440
SBERP,0,20220201,072855,258.640000000,500
SBERP,0,20220201,072859,258.570000000,50
SBERP,0,20220201,072900,258.570000000,40
SBERP,0,20220201,072902,258.560000000,180
SBERP,0,20220201,072905,258.610000000,10
SBERP,0,20220201,072907,258.580000000,20
SBERP,0,20220201,072908,258.580000000,50
SBERP,0,20220201,072909,258.670000000,40
SBERP,0,20220201,072909,258.690000000,30
SBERP,0,20220201,072909,258.690000000,20
SBERP,0,20220201,072909,258.700000000,10
SBERP,0,20220201,072910,258.570000000,100
SBERP,0,20220201,072910,258.570000000,10
SBERP,0,20220201,072910,258.570000000,60
SBERP,0,20220201,072912,258.570000000,90
SBERP,0,20220201,072913,258.620000000,250
SBERP,0,20220201,072916,258.630000000,50
SBERP,0,20220201,072918,258.580000000,50
SBERP,0,20220201,072920,258.600000000,20
SBERP,0,20220201,072920,258.580000000,80
SBERP,0,20220201,072921,258.580000000,20
SBERP,0,20220201,072921,258.550000000,60
SBERP,0,20220201,072928,258.580000000,1400
SBERP,0,20220201,072929,258.550000000,10
SBERP,0,20220201,072929,258.520000000,140
SBERP,0,20220201,072929,258.590000000,10
SBERP,0,20220201,072930,258.590000000,50
SBERP,0,20220201,072938,258.590000000,100
SBERP,0,20220201,072940,258.550000000,50
SBERP,0,20220201,072940,258.550000000,60
SBERP,0,20220201,072940,258.510000000,10
SBERP,0,20220201,072940,258.510000000,50
SBERP,0,20220201,072941,258.540000000,150
SBERP,0,20220201,072941,258.510000000,10
SBERP,0,20220201,072942,258.510000000,10
SBERP,0,20220201,072942,258.520000000,50
SBERP,0,20220201,072943,258.590000000,10
SBERP,0,20220201,072945,258.590000000,10
SBERP,0,20220201,072947,258.520000000,10
SBERP,0,20220201,072948,258.510000000,200
SBERP,0,20220201,072949,258.520000000,10
SBERP,0,20220201,072950,258.520000000,10
SBERP,0,20220201,072951,258.510000000,50
SBERP,0,20220201,072955,258.520000000,40
SBERP,0,20220201,072955,258.520000000,530
SBERP,0,20220201,072955,258.540000000,50
SBERP,0,20220201,072955,258.610000000,150
SBERP,0,20220201,072955,258.640000000,270
SBERP,0,20220201,072957,258.620000000,10
SBERP,0,20220201,072958,258.620000000,10
SBERP,0,20220201,072958,258.620000000,10
SBERP,0,20220201,072959,258.510000000,180
SBERP,0,20220201,073000,258.510000000,20
SBERP,0,20220201,073001,258.470000000,10
SBERP,0,20220201,073002,258.440000000,220
SBERP,0,20220201,073004,258.600000000,10
SBERP,0,20220201,073007,258.520000000,3000
SBERP,0,20220201,073014,258.610000000,10
SBERP,0,20220201,073016,258.450000000,150
SBERP,0,20220201,073016,258.430000000,10
SBERP,0,20220201,073016,258.430000000,520
SBERP,0,20220201,073016,258.420000000,500
SBERP,0,20220201,073016,258.400000000,200
SBERP,0,20220201,073016,258.320000000,190
SBERP,0,20220201,073016,258.300000000,30
SBERP,0,20220201,073016,258.300000000,30
SBERP,0,20220201,073016,258.300000000,20
SBERP,0,20220201,073016,258.290000000,50
SBERP,0,20220201,073016,258.360000000,10
SBERP,0,20220201,073016,258.390000000,520
SBERP,0,20220201,073016,258.390000000,120
SBERP,0,20220201,073016,258.400000000,110
SBERP,0,20220201,073016,258.360000000,10
SBERP,0,20220201,073016,258.260000000,200
SBERP,0,20220201,073016,258.250000000,1700
SBERP,0,20220201,073016,258.210000000,100
SBERP,0,20220201,073016,258.210000000,20
SBERP,0,20220201,073016,258.180000000,920
SBERP,0,20220201,073016,258.180000000,10
SBERP,0,20220201,073016,258.170000000,40
SBERP,0,20220201,073016,258.150000000,10
SBERP,0,20220201,073016,258.110000000,3120
SBERP,0,20220201,073016,258.070000000,520
SBERP,0,20220201,073016,258.060000000,760
SBERP,0,20220201,073016,258.050000000,10
SBERP,0,20220201,073016,258.040000000,30
SBERP,0,20220201,073016,258.040000000,2560
SBERP,0,20220201,073016,258.180000000,60
SBERP,0,20220201,073017,258.180000000,40
SBERP,0,20220201,073019,258.230000000,210
SBERP,0,20220201,073020,258.400000000,950
SBERP,0,20220201,073021,258.440000000,520
SBERP,0,20220201,073021,258.450000000,480
SBERP,0,20220201,073023,258.290000000,500
SBERP,0,20220201,073023,258.350000000,10
SBERP,0,20220201,073023,258.370000000,370
SBERP,0,20220201,073024,258.370000000,10
SBERP,0,20220201,073028,258.350000000,10
SBERP,0,20220201,073030,258.370000000,90
SBERP,0,20220201,073030,258.370000000,10
SBERP,0,20220201,073031,258.230000000,10
SBERP,0,20220201,073034,258.330000000,50
SBERP,0,20220201,073037,258.330000000,10
SBERP,0,20220201,073038,258.250000000,150
SBERP,0,20220201,073038,258.150000000,500
SBERP,0,20220201,073038,258.110000000,520
SBERP,0,20220201,073038,258.100000000,500
SBERP,0,20220201,073038,258.100000000,500
SBERP,0,20220201,073038,258.090000000,640
SBERP,0,20220201,073038,258.090000000,2340
SBERP,0,20220201,073038,258.230000000,100
SBERP,0,20220201,073040,258.280000000,20
SBERP,0,20220201,073042,258.280000000,10
SBERP,0,20220201,073046,258.250000000,50
SBERP,0,20220201,073046,258.310000000,150
SBERP,0,20220201,073050,258.250000000,20
SBERP,0,20220201,073055,258.320000000,10
SBERP,0,20220201,073055,258.320000000,30
SBERP,0,20220201,073055,258.250000000,50
SBERP,0,20220201,073057,258.330000000,250
SBERP,0,20220201,073059,258.250000000,30
SBERP,0,20220201,073101,258.250000000,70
SBERP,0,20220201,073103,258.250000000,60
SBERP,0,20220201,073108,258.250000000,50
SBERP,0,20220201,073111,258.250000000,20
SBERP,0,20220201,073111,258.250000000,10
SBERP,0,20220201,073111,258.200000000,20
SBERP,0,20220201,073111,258.060000000,80
SBERP,0,20220201,073112,258.060000000,100
SBERP,0,20220201,073112,258.060000000,130
SBERP,0,20220201,073112,258.060000000,30
SBERP,0,20220201,073113,258.200000000,500
SBERP,0,20220201,073115,258.240000000,10
SBERP,0,20220201,073121,258.060000000,10
SBERP,0,20220201,073123,258.030000000,300
SBERP,0,20220201,073123,258.020000000,10
SBERP,0,20220201,073123,258.010000000,10
SBERP,0,20220201,073123,258.010000000,510
SBERP,0,20220201,073123,258.000000000,440
SBERP,0,20220201,073123,258.000000000,100
SBERP,0,20220201,073123,258.000000000,1000
SBERP,0,20220201,073123,258.000000000,10
SBERP,0,20220201,073123,258.000000000,40
SBERP,0,20220201,073123,258.000000000,10
SBERP,0,20220201,073123,258.000000000,70
SBERP,0,20220201,073123,258.000000000,500
